2572 3289
2295 185 2345 227 ll

272 318 492 375 cogitabat,
527 320 569 362 et
602 317 748 361 deinde
782 316 826 360 in
848 319 992 372 poetae
1015 316 1142 360 verba
1173 316 1335 359 illatum
1360 314 1583 371 genuinum
1609 310 1852 358 vocabulum
1877 313 2013 372 φίλον
2036 315 2131 359 sede
2159 317 2353 359 moverat.

271 382 417 444 Eidem
450 401 588 443 autem
620 397 835 453 interpreti
878 396 950 453 qui
991 397 1043 441 ad
1087 395 1305 441 insiticiam
1351 394 1594 451 scripturam
1629 392 1768 440 1νόσου
1812 394 1996 440 scholion
2029 396 2147 441 modo
2181 396 2354 441 allatum

273 479 491 537 adscripsit
535 491 620 524 rem
670 478 714 523 in
756 478 977 523 Hieronem
1032 478 1277 534 detorquens
1318 476 1498 534 proclive
1550 479 1638 521 erat
1689 476 1810 521 etiam
1862 490 2005 534 supra,
2057 490 2146 522 cum
2199 478 2354 535 legeret

272 558 496 620 καμάτων
529 558 571 604 ‹5’
607 558 811 614 ἐπίλασιν
844 556 1093 618 παράσχοι,
1130 559 1178 601 (10
1212 559 1352 602 11101110
1386 557 1578 601 Hieronis
1612 558 1802 614 cogitare.
1870 558 1935 601 Ex
1978 559 2180 602 communi
2224 559 2354 615 igitur

274 642 431 699 origine
464 641 683 696 utrobique
718 641 806 683 eius
840 653 951 683 error
991 640 1154 696 prodiit.
1224 640 1324 682 Cum
1365 639 1494 694 igitur
1535 639 1739 693 generalis
1785 640 1987 681 sententia
2022 637 2134 697 (nam
2179 642 2355 683 aoristns

274 723 434 765 ἔσανεν
468 721 687 777 empiricus
721 719 800 780 est)
835 724 1000 776 propter
1034 720 1346 775 comparationis
1388 719 1697 762 continuitatem
1740 721 1790 761 ad
1824 720 2097 763 Philoctetam
2139 722 2355 776 praecipue

275 805 457 858 spectare
492 803 650 853 debeat,
684 802 720 844 is
754 805 891 844 autem
928 801 1099 852 Atridis,
1134 801 1204 855 qui
1239 813 1330 843 eum
1364 800 1636 850 arcessebant,
1670 800 1859 842 inimicus
1893 800 2029 851 fuerit,
2063 802 2184 855 plane
2218 815 2356 846 110003-

277 882 383 927 saria
411 885 474 926 est
495 880 837 926 Rauchensteinii
870 881 1098 925 emenda-tio
1133 878 1221 924 σὺν
1255 878 1298 923 δ’
1323 877 1503 940 ἀνάγκᾳ
1537 877 1608 936 μὴ
1643 878 1791 936 (sistor,
1830 893 1948 935 quam
1983 881 2127 925 merito
2150 882 2358 938 Bergkius

276 965 384 1008 inter
418 933 561 1020 poetae
595 964 720 1007 verba
753 963 916 1019 recepit.
985 962 1145 1006 Pariter
1177 962 1220 1005 in
1264 962 1422 1018 aliquot
1463 961 1582 1005 libris
1616 978 1697 1017 μιν
1731 961 1897 1017 (reliqui
1932 978 2005 1005 νιν
2039 963 2106 1006 101
2138 961 2251 1023 μὴν)
2286 977 2359 1019 1110

276 1045 339 1102 μὴ
382 1045 579 1089 traditum
614 1048 676 1088 est
718 1045 761 1087 in
795 1044 857 1087 Ol.
891 1045 958 1088 III
992 1045 1066 1096 45,
1108 1044 1181 1087 ubi
1224 1044 1374 1099 optime
1415 1043 1523 1086 idem
1556 1042 1760 1098 Bergkius
1806 1042 1859 1086 οὐ
1901 1041 1964 1099 μὴ
1999 1040 2148 1094 διώξω
2183 1045 2359 1101 scripsit.

278 1126 548 1181 Comprobata
589 1129 726 1169 autem
760 1125 1095 1170 Rauchensteinii
1139 1124 1438 1177 emendatione,
1481 1129 1528 1167 ut
1571 1123 1814 1179 comparatio
1857 1125 1908 1168 ab
1952 1125 2060 1168 omni
2106 1129 2220 1181 parte
2265 1140 2360 1171 con-

278 1206 429 1259 veniat,
464 1206 728 1250 statuendum
761 1209 823 1250 est
866 1206 1085 1262 aliquando
1129 1205 1251 1249 etiam
1292 1205 1400 1248 inter
1434 1204 1651 1248 Hieronem
1696 1207 1737 1248 et
1771 1205 1970 1249 Cumanos
2005 1205 2255 1251 simultatem
2290 1221 2359 1252 ex-

280 1286 453 1337 stitisse,
507 1293 729 1342 antequam
772 1285 815 1328 hi
869 1287 920 1329 ab
955 1286 1141 1330 Etruscis
1186 1286 1229 1328 in
1272 1285 1483 1342 angustias
1526 1285 1689 1329 adducti
1742 1285 1856 1327 illius
1898 1286 2099 1329 auxilium
2141 1287 2359 1343 implorare

280 1368 534 1423 cogerentur.
614 1366 673 1409 De
726 1379 801 1421 ope
845 1370 979 1409 autem
1026 1380 1145 1421 quam
1190 1366 1380 1409 Cumanis
1424 1366 1547 1408 Hiero
1599 1365 1741 1407 tulerit
1783 1366 1860 1408 1100
1902 1366 1990 1409 1000
2032 1380 2153 1422 agere
2196 1372 2359 1423 poetam

279 1447 436 1502 primus
469 1446 701 1490 Boeckhius
737 1447 1041 1498 demonstravit,
1075 1449 1114 1489 et
1149 1446 1238 1501 ipsa
1272 1447 1347 1489 hac
1381 1445 1677 1500 comparatione
1712 1446 1974 1501 redarguitur
2004 1446 2174 1502 Bergkii
2209 1448 2359 1503 opinio,

281 1527 353 1582 qui
386 1540 476 1570 eum
513 1528 564 1569 ad
599 1527 756 1569 bellum
791 1530 931 1569 contra
965 1528 1267 1582 Thrasydaeum
1302 1529 1343 1569 et
1375 1525 1670 1581 Agrigentinos
1705 1529 1865 1581 gestum
1909 1527 2114 1578 rettulit¹;
2149 1541 2243 1570 nam
2277 1542 2360 1571 non

280 1607 434 1651 auxilio
486 1610 654 1651 vocatus
708 1608 784 1651 hoc
835 1607 989 1651 bellum
1025 1607 1150 1651 Hiero
1197 1606 1396 1663 suscepit,
1449 1607 1520 1650 sed
1562 1621 1585 1650 a
1628 1607 1884 1663 Thrasydaeo
1935 1607 2150 1651 temerario
2204 1608 2361 1665 impetu

280 1688 494 1733 lacessitus
505 1687 530 1731 ².
598 1688 648 1731 In
685 1687 949 1743 sequentibus
983 1687 1119 1732 verbis
1154 1701 1291 1731 omnes
1326 1689 1407 1731 fere
1441 1688 1615 1731 editores
1650 1687 1790 1731 offensi
1825 1692 1920 1730 sunt
1952 1688 2075 1732 verbo
2109 1687 2362 1746 μεταλλάσ-

280 1783 458 1819 σοντας,
505 1771 546 1811 01
580 1768 786 1824 plerisque
828 1768 981 1823 placuit
1027 1769 1135 1823 quod
1177 1782 1249 1823 pro
1293 1781 1338 1811 eo
1373 1768 1668 1812 Wakefieldius
1716 1768 1926 1823 proposuit
1974 1766 2361 1824 μετανάσσοννας,

278 1848 304 1891 i.
340 1861 373 1891 e.
407 1847 757 1904 μετοικίσοντας.
827 1849 907 1892 Sed
951 1863 1182 1904 quanquam
1224 1850 1399 1892 aoristus
1444 1850 1611 1892 ἔνασσα
1655 1849 1792 1903 (Ρ1111.
1828 1849 1863 1890 V
1900 1846 1977 1907 67)
2021 1863 2045 1892 a
2086 1850 2210 1893 verbo
2246 1849 2361 1893 ναίω

280 1929 479 1972 deductus
514 1928 734 1981 invenitur,
769 1929 895 1972 futuri
929 1933 1064 1972 tamen
1101 1926 1256 1972 νάσσω
1290 1929 1406 1972 1111110
1436 1942 1606 1984 usquam
1641 1932 1702 1972 est
1726 1928 1928 1971 memoria.
1997 1929 2202 1984 Bergkius
2224 1947 2364 1986 μετα-

280 2006 505 2058 νάξοντας
539 2010 717 2064 scripsit,
761 2011 868 2064 quod
913 2010 1180 2065 compositum
1222 2010 1323 2053 alibi
1365 2023 1446 2052 non
1492 2013 1636 2052 exstat.
1704 2011 1841 2052 Inesse
1876 2010 2040 2052 videtur
2081 2010 2188 2053 velle
2231 2010 2274 2053 in
2317 2024 2364 2054 eo

281 2090 364 2132 vim
408 2103 543 2133 secum
589 2090 822 2140 reducendi,
867 2104 987 2144 quam
1029 2093 1166 2133 tamen
1208 2104 1307 2133 num
1350 2091 1499 2133 habere
1542 2089 1671 2145 possit
1713 2090 1831 2133 valde
1867 2090 2036 2133 dubium
2079 2092 2152 2133 est.
2219 2091 2364 2146 Neque

281 2169 389 2214 enim
423 2170 519 2213 novi
554 2170 773 2226 dupliciter
807 2170 1028 2227 composita
1062 2170 1105 2213 in
1141 2170 1290 2226 quibus
1324 2167 1437 2228 μετά
1469 2169 1630 2215 ‘secum'
1674 2171 1825 2223 101001,
1869 2173 1909 2213 01
1944 2170 2118 2227 simplex
2152 2168 2365 2232 μετάγειν

279 2249 338 2293 ‘in
373 2251 499 2294 alium
532 2252 667 2295 locum
711 2250 866 2295 ducere’
903 2254 984 2303 est,
1029 2252 1250 2295 secundum
1285 2252 1391 2307 quod
1425 2249 1697 2311 μετανάγειν
1727 2250 1822 2294 ‘alio
1865 2250 2067 2295 reducere'
2104 2252 2365 2308 significaret.

283 2331 364 2374 Sed
398 2331 538 2375 reduci
573 2332 736 2375 Troiam
759 2332 990 2375 Philocteta
1024 2345 1105 2374 11011
1139 2335 1310 2387 11010101,
1345 2332 1441 2387 (11110
1474 2345 1520 2375 00
1554 2332 1732 2374 nondum
1756 2335 2008 2386 pervenerat.
2077 2332 2225 2375 Melius
2259 2337 2367 2376 esset

281 2411 454 2467 Kayseri
496 2409 846 2469 Δ(ιεταβάσοντα,.ι
880 2409 946 2471 (cf.
982 2412 1044 2455 Ol.
1082 2413 1104 2455 Ι
1139 2410 1233 2472 42),
1276 2413 1311 2455 31
1354 2425 1493 2456 101010
1535 2411 1750 2467 quicquam
1794 2415 1901 2455 esset
1943 2413 2195 2455 mutandum.
2264 2413 2368 2456 Mihi

424 2584 433 2604 ¹
464 2580 525 2619 Ad
554 2580 657 2619 110110
685 2581 906 2631 opinionem
935 2580 1144 2631 confugere
1173 2581 1366 2631 Bergkius
1394 2586 1549 2620 coactus
1578 2586 1636 2619 est
1655 2580 1890 2631 Pythiadum
1917 2594 2034 2630 quam
2063 2587 2201 2620 contra
2220 2581 2369 2622 Boeek-

286 2643 395 2681 hium
414 2646 620 2694 proposuit
640 2646 937 2695 computatione,
961 2659 1077 2696 quam
1097 2659 1180 2685 meo
1201 2646 1358 2696 quidem
1377 2646 1520 2684 iudicio
1534 2646 1651 2695 plane
1670 2644 1884 2684 confutavit
1898 2636 2119 2695 Leopo'ldus
2134 2646 2370 2687 Schmidtius

286 2707 439 2747 duabus
473 2710 885 2756 commentationibus,
925 2723 1090 2761 quarum
1129 2711 1237 2761 prior
1265 2710 1360 2761 (Zur
1389 2709 1646 2760 Chronologie
1682 2710 1751 2749 der
1778 2709 2059 2749 Pindarischen
2088 2710 2295 2763 Gedichte)
2329 2712 2370 2750 in

286 2770 498 2811 Comment.
529 2772 625 2822 phil.
661 2775 703 2811 in
740 2774 830 2813 hon.
858 2774 927 2814 Th.
960 2774 1190 2813 Mommseni
1227 2789 1265 2825 p.
1294 2776 1346 2813 48
1385 2788 1481 2824 sqq.,
1515 2775 1640 2812 altera
1668 2774 2008 2824 (Supplementum
2048 2776 2288 2824 quaestionis
2324 2776 2372 2814 de

285 2835 582 2875 Pindaricorum
611 2838 827 2877 carminum
855 2839 1126 2890 chronologia)
1153 2840 1194 2878 in
1224 2839 1307 2879 Ind.
1336 2839 1421 2879 lect.
1452 2838 1650 2888 Marburg.
1686 2840 1861 2889 1880s81·
1885 2839 2041 2888 prodiit.

418 2901 433 2923 ²
465 2901 522 2940 Cf.
554 2902 595 2940 L.
629 2902 816 2943 Schmidt.
855 2903 895 2941 in
931 2904 1073 2954 prioris
1109 2903 1444 2943 commentationis
1480 2916 1505 2953 p
1546 2905 1595 2941 51
1633 2916 1689 2953 sq.
1719 2904 1865 2942 Holmii
1896 2903 1995 2942 Hist.
2024 2903 2127 2943 Sicil.
2167 2903 2185 2941 1
2213 2917 2250 2954 p.
2280 2905 2372 2943 242.

799 2980 802 2983 ,
2048 2969 2103 3005 2*
