2572 3289
307 303 360 336 ue
400 289 674 348 praedicaret
725 289 798 335 sed
837 289 899 334 ita
939 292 988 333 ut
1029 301 1120 334 cum
1162 288 1241 333 hae
1281 287 1404 333 laude
1455 286 1706 343 reliquarum
1748 299 1886 331 rerum
1926 286 1980 331 ab
2012 298 2078 332 eo
2117 286 2327 346 praecino

220 350 451 431 gestarum
483 371 905 417 commemorationem
938 361 1034 428 apte
1068 369 1348 428 coniungeret.
1415 368 1638 413 Videamus
1671 367 1803 425 igitur
1836 368 2038 424 quomodo
2070 360 2178 414 hanc
2208 380 2327 425 prae·-

222 445 487 499 ⁴dicationem
520 452 564 497 in
597 453 729 497 altera
762 452 954 497 carminis
986 454 1103 509 parte
1135 451 1340 495 Pindarus
1372 430 1611 494 instituerit.
1678 450 1851 494 Initium
1884 449 1983 494 facit
2015 450 2330 507 exoptanda-at
2384 488 2443 499 Q

241 535 332 580 Iovi
363 535 524 591 placere
558 534 682 579 liceat
721 533 895 578 Aetnam
929 536 1106 577 montem
1142 532 1460 576 administranti.
1526 531 1661 576 Aetna
1694 534 1831 575 autem
1874 531 1952 576 sub
1982 531 2095 576 Iovis
2126 530 2327 589 regimine

240 618 304 659 est
345 615 455 671 quod
489 615 727 672 Typhoeum
768 614 829 659 ibi
870 613 1101 670 perdomuit
1145 612 1227 668 (Ol.
1262 613 1321 656 IV
1358 613 1385 656 6
1421 615 1515 668 sq.),
1548 615 1590 655 et
1631 611 1781 656 idcirco
1824 611 1948 656 etiam
1981 611 2191 657 Aetnaeus
2223 612 2326 657 alibi

237 710 263 740 a
294 698 418 753 poeta
449 695 636 752 Iuppiter
668 695 902 751 appellatur
934 694 1016 749 (01.
1052 693 1110 738 VI
1145 694 1219 738 96.
1253 693 1369 738 Nem.
1403 693 1426 738 Ι
1462 694 1522 747 6).
1588 692 1785 737 Eiusdem
1829 689 2004 745 Aetnaei
2044 692 2159 738 Iovis
2192 706 2324 738 saeer-

241 776 352 820 dotio
386 776 474 832 ipse
491 775 635 819 ‘Hiero
669 775 764 818 inde
798 775 850 818 ab
884 773 1018 817 Aetna
1060 774 1226 818 condita
1258 774 1508 830 fungebatur
1541 774 1609 827 (cf.
1644 773 1706 816 Ol.
1742 774 1802 816 VI
1837 774 1897 817 96
1942 774 2082 829 ibique
2115 774 2325 827 Boeckh.).

242 855 350 913 Quid
383 856 514 913 igitur
535 855 668 913 magis
701 855 970 899 conveniebat
992 857 1136 910 poetae
1161 854 1330 898 consilio
1354 867 1490 909 quam,
1524 866 1616 897 cum
1638 853 1861 898 Hieronem
1882 852 2043 898 Aetnae
2077 853 2325 898 conditorem

241 924 532 986 celebraturus*
556 942 684 989 esset,
722 936 834 979 Iovis
868 934 1043 979 Aetnaei
1077 936 1254 978 favorem
1297 935 1376 978 sibi
1419 937 1460 978 et
1493 936 1616 979 choro
1650 934 1890 990 implorare,
1932 934 2049 979 cuius
2083 934 2161 979 sub
2194 934 2327 978 tutela

243 1031 336 1062 cum
378 1020 514 1061 monte
557 1018 656 1062 urbs
698 1020 807 1061 esset
848 1017 925 1060 sub
976 1016 1065 1060 eius
1107 1015 1315 1060 radicibus
1357 1015 1555 1060 collocata
1597 1015 1794 1072 cuiusque
1838 1016 2024 1059 sacerdos
2067 1015 2156 1072 ipse
2198 1014 2327 1059 Hiero

241 1111 330 1142 esse
352 1098 584 1142 voluisset?
651 1098 740 1142 Hoc
775 1098 881 1141 enim
905 1097 999 1141 urbi
1034 1101 1075 1141 et
1098 1097 1226 1141 monti
1250 1109 1461 1141 commune
1495 1099 1558 1140 est
1581 1097 1689 1152 quod
1720 1088 1885 1153 utrique
1908 1096 2096 1153 Iuppiter
2117 1096 2327 1140 Aetnaeus

241 1179 533 1235 patrocinatur.
600 1179 713 1222 Haec
746 1178 875 1234 igitur
898 1178 1051 1233 primae
1086 1182 1127 1221 et
1161 1179 1362 1221 secundae
1384 1178 1514 1232 partis
1548 1181 1611 1221 est
1634 1178 1894 1221 cohaerentia
1928 1178 2160 1234 significata
2188 1177 2328 1222 verbis

242 1258 291 1308 ὃς
324 1260 445 1303 τοῦτ’
482 1259 656 1317 ἐφέπεις
690 1260 807 1315 ὄρος,
851 1262 1012 1314 praeter
1046 1272 1149 1313 quae
1184 1258 1266 1301 alia
1300 1271 1403 1313 quae
1436 1258 1603 1301 illarum
1639 1258 1967 1302 coniunctionem
2008 1258 2222 1314 perspicue
2264 1257 2327 1302 in—

241 1340 377 1385 dicent
418 1354 500 1383 non
541 1339 819 1383 inveniuntur.
898 1339 1042 1395 Pergit
1083 1342 1204 1394 poeta
1254 1339 1393 1382 dicens
1442 1338 1632 1383 inclitum
1687 1339 1937 1383 conditorem
1978 1340 2122 1383 urbem
2144 1338 2327 1383 'Aetnae

242 1420 371 1465 monti
405 1420 687 1477 cognominem
721 1422 763 1463 et
795 1419 973 1464 vicinam
1005 1419 1278 1464 illustravisse
1313 1419 1483 1463 victoria
1516 1419 1702 1476 Pythica,
1737 1434 1860 1476 quam
1893 1420 2150 1476 proclamans
2183 1432 2327 1476 praeco

241 1500 360 1544 illam
382 1499 698 1551 renuntiaverit;
733 1512 822 1542 eam
843 1499 1055 1543 victoriam
1082 1499 1176 1542 urbi
1210 1500 1388 1542 faustum
1418 1512 1534 1543 omen
1570 1512 1657 1543 esse
1692 1501 1852 1544 futurae
1875 1500 2171 1556 prosperitatis,
2205 1513 2328 1556 quam

241 1584 288 1624 ut
322 1581 402 1624 sibi
436 1581 546 1624 cordi
580 1593 668 1624 esse
702 1580 804 1623 velit
837 1579 1070 1634 Apollinem
1116 1583 1235 1634 616177
1258 1581 1302 1623 111
1337 1580 1453 1623 6111115
1487 1582 1680 1623 honorem
1714 1581 1840 1624 Hiero
1884 1581 2094 1625 certamini
2127 1581 2326 1624 interfuit.

241 1660 280 1704 A
302 1661 475 1704 victoria
509 1660 655 1703 deinde
689 1660 838 1702 transit
872 1661 924 1702 ad
947 1660 1156 1711 victorem,
1191 1661 1239 1703 de
1264 1674 1344 1715 quo
1380 1673 1422 1703 se
1456 1661 1515 1703 ita
1549 1661 1755 1704 dicturum
1789 1675 1875 1704 esse
1910 1661 2078 1704 confidit
2109 1664 2159 1704 ut
2191 1674 2328 1705 rerum

243 1755 441 1786 summam
464 1742 586 1797 plane
609 1744 852 1796 assequatur
876 1744 916 1784 et
947 1741 1129 1784 aemulos
1152 1741 1274 1797 longe
1307 1744 1481 1796 superet.
1550 1741 1674 1797 Optat
1697 1741 1828 1798 igitur
1858 1745 1905 1785 ut
1927 1755 2121 1798 praesens
2152 1742 2328 1787 felicitas

243 1826 366 1879 atque
401 1822 613 1878 opulentia
646 1821 734 1878 regi
756 1825 991 1878 permaneat
1024 1822 1291 1877 laborumque
1326 1822 1573 1867 oblivionem
1607 1822 1761 1876 afferat,
1802 1823 1845 1867 in
1880 1837 2006 1880 eoque
2041 1826 2328 1869 commemorat

244 1906 439 1948 honorem
472 1915 593 1959 quem
627 1904 750 1946 rebus
791 1903 901 1946 bello
945 1903 1104 1946 fortiter
1146 1904 1275 1958 gestis
1318 1904 1389 1948 ille
1433 1904 1513 1948 sibi
1547 1905 1853 1960 comparaverit,
1897 1904 2115 1961 praecipue
2155 1904 2327 1950 efferens

186 2029 188 2032 .
244 1984 464 2042 gloriosam
498 1982 800 2040 expeditionem
835 1997 957 2039 quam
999 1996 1131 2039 nuper
1164 1997 1188 2028 a
1222 1984 1414 2028 Cumanis
1449 1985 1604 2029 auxilio
1638 1987 1808 2029 vocatus
1842 1985 2086 2041 susceperit;
2128 1987 2216 2030 tota
2249 1986 2328 2031 hac

244 2067 408 2109 fortuna
440 2067 488 2107 111
521 2076 594 2107 rex
628 2064 765 2107 futuro
800 2076 961 2121 quoque
994 2067 1176 2120 tempore
1210 2066 1370 2108 fruatur
1405 2066 1442 2109 ei
1476 2066 1519 2108 111
1544 2065 1650 2109 votis
1685 2069 1758 2109 est.
1826 2066 1915 2109 Iam
1948 2079 2042 2109 vero
2077 2067 2129 2109 ad
2151 2065 2328 2110 Aetnam

243 2146 387 2189 urbem
420 2144 527 2187 redit
559 2156 632 2199 pro
667 2143 921 2199 quadrigalis
944 2144 1137 2187 victoriae
1171 2145 1350 2199 praemio
1386 2148 1624 2188 cantaturus
1649 2158 1752 2201 quae
1776 2146 2007 2197 Dinomeni,
2041 2159 2161 2201 quem
2194 2147 2328 2190 filium

244 2226 369 2269 Hiero
403 2224 500 2268 huic
533 2224 627 2267 urbi
662 2225 922 2279 praefecerat,
966 2224 1166 2279 imprimis
1210 2228 1327 2281 grata
1370 2225 1463 2268 sint.
1533 2225 1648 2281 Quod
1690 2226 1820 2282 igitur
1853 2228 1953 2270 urbs
1991 2227 2156 2283 legibus
2191 2230 2232 2270 et
2265 2227 2328 2271 in-

245 2306 403 2350 stitutis
436 2304 617 2356 Doricis,
663 2317 765 2359 quae
801 2305 994 2360 Spartani
1030 2309 1264 2350 constanter
1306 2307 1440 2350 adhuc
1474 2310 1659 2358 servent,
1700 2308 1924 2351 constituta
1957 2307 2031 2359 sit,
2066 2308 2206 2351 Iovem
2239 2308 2329 2352 61115

244 2386 471 2444 praesidem
512 2385 705 2440 implorat
738 2387 785 2427 ut
819 2388 860 2427 et
901 2385 991 2440 ipsa
1033 2386 1214 2430 eiusdem
1247 2390 1370 2442 atque
1405 2388 1469 2430 illi
1503 2388 1624 2431 sort-is
1658 2388 1863 2443 particeps
1904 2388 1948 2431 in
1981 2388 2047 2431 his
2089 2388 2253 2444 legibus
2287 2392 2330 2432 et

243 2467 446 2513 institutis
480 2467 716 2522 permaneat
759 2467 800 2509 et
844 2465 938 2509 inde
981 2479 1117 2510 veram
1169 2469 1276 2524 apud
1321 2468 1506 2512 homines
1552 2469 1698 2512 famam
1743 2469 1912 2521 habeat3
1964 2468 2022 2513 ita
2065 2468 2130 2513 dei
2172 2468 2328 2513 auxilio

244 2551 487 2593 eventurum
529 2559 618 2590 esse
661 2548 708 2588 ut
750 2558 842 2597 rex,
887 2545 1003 2589 cuius
1046 2548 1122 2590 sub
1157 2548 1326 2604 imperio
1361 2550 1607 2593 Dinomenes
1641 2550 1784 2593 urbem
1818 2549 2096 2602 administret,
2129 2551 2328 2607 populum

245 2642 403 2673 summa
436 2625 695 2672 observantia
738 2626 874 2670 colens
908 2626 960 2669 ad
1003 2631 1239 2672 concordem
1281 2630 1624 2685 tranquillitatem
1667 2631 1874 2686 perducat.
1941 2630 2031 2674 Hoc
2064 2630 2203 2674 Iovem
2236 2643 2329 2687 pre-

244 2712 359 2753 catur
392 2712 439 2752 ut
472 2710 645 2762 adnuat,
687 2723 739 2754 ne
775 2712 906 2754 denuo
941 2712 1096 2754 bellum
1131 2714 1320 2753 moveant
1355 2710 1713 2767 Carthaginienses
1748 2714 1789 2753 et
1822 2710 2010 2763 Etrusci,
2044 2711 2116 2754 sed
2149 2711 2329 2754 cladium

241 2802 441 2833 memores
476 2791 559 2833 sint
582 2804 683 2845 quas
717 2792 869 2847 pugnis
904 2792 1012 2845 apud
1036 2791 1204 2833 Oumam
1238 2794 1280 2833 et
1303 2791 1511 2833 Himeram
1536 2791 1652 2834 factis
1684 2791 1928 2845 acceperint,
1952 2804 2124 2845 quarum
2156 2791 2328 2834 alteram
