2572 3289
252 258 309 300 14

246 387 367 430 modo
400 388 694 440 memoratam),
728 388 769 430 et
803 384 925 430 δίδοι
960 400 983 429 a
1018 386 1186 429 Pindari
1232 386 1368 429 verbis
1406 387 1540 430 abest.
1608 387 1841 431 Boeckhius
1885 387 2014 443 igitur
2047 388 2105 432 sic
2138 387 2337 444 interpre-

247 469 382 511 tatur:
425 465 582 523 ‘precor
623 480 746 511 verus
791 467 1003 511 hominum
1050 480 1179 511 sermo
1226 480 1385 523 semper
1427 467 1551 510 talem
1596 468 1799 511 fortunam
1844 466 2001 512 Aetnae
2045 468 2251 513 adiudicet
2296 471 2337 513 et

248 548 463 593 decemat'.
532 549 596 592 Ita
631 551 751 604 poeta
785 562 810 592 a
844 549 938 592 Iove
974 548 1077 604 petit
1122 551 1168 591 ut
1203 547 1375 592 Aetnaei
1410 561 1491 592 non
1536 561 1609 604 per
1654 548 1829 604 speciem
1872 551 2046 602 tantum,
2090 550 2161 594 sed
2195 562 2337 594 revera

246 629 438 673 instituta
474 629 623 673 Dorica
668 630 885 673 observent
929 632 1052 684 atque
1098 642 1149 672 ex
1198 630 1272 672 hac
1318 629 1579 672 observantia
1624 642 1761 672 veram
1807 630 1916 685 apud
1960 630 2146 673 homines
2189 631 2336 674 famam

247 710 537 766 adipiscantur.
607 710 719 766 Quae
754 710 956 754 sententia
991 724 1082 753 cum
1117 713 1213 765 apta
1256 713 1297 752 et
1331 723 1559 765 congruens
1594 722 1681 753 esse
1715 710 1923 762 videatur,
1966 724 2094 753 unum
2129 713 2257 754 restat
2289 714 2337 753 ut

248 794 469 847 quaeratur
501 805 600 834 num
636 805 777 835 revera
811 790 1059 847 διακρίνειν
1095 805 1183 834 eam
1218 791 1300 834 vim
1334 792 1484 835 habere
1519 791 1648 846 possit
1683 805 1803 846 quam
1847 791 1884 835 ei
1917 791 2149 835 Boeckhius
2191 791 2338 835 tribuit

247 885 322 916 nec
355 874 493 916 tamen
528 872 655 916 tribui
690 886 809 928 posse
854 872 953 916 satis
989 871 1293 916 demonstravit.
1363 872 1481 915 Certe
1526 871 1701 928 simplex
1735 869 1906 927 κρίνειν
1937 870 2168 916 ‘iudicando
2214 871 2336 916 alicui

248 952 407 1008 aliquid
451 952 642 997 tribuere'
690 954 895 1009 significat
943 953 983 996 in
1031 953 1095 996 his
1140 952 1289 1005 verbis,
1336 966 1438 1008 quae
1481 954 1600 1009 Pyth.
1637 953 1740 995 VIII
1786 953 1846 996 83
1890 966 1948 1008 sq.
1983 953 2199 1009 leguntur:
2245 956 2338 1001 τοῖς

249 1039 351 1081 οὔτε
398 1035 559 1084 νόστος
603 1034 728 1091 ὅμως
773 1036 996 1082 ἔπαλπνος
1043 1036 1091 1076 ἐν
1140 1031 1349 1076 Iso-9102&
1396 1032 1570 1089 ἐκρίθη.
1640 1034 1752 1076 Idem
1798 1033 1927 1089 igitur
1961 1032 2212 1088 διακρίνειν
2246 1046 2337 1076 cum

248 1119 435 1174 graviore
470 1119 648 1174 pondere
683 1117 846 1159 videtur
892 1116 1137 1172 exprimere,
1179 1115 1370 1170 quoniam
1406 1112 1483 1158 διά
1531 1115 1571 1157 111
1616 1115 1758 1158 multis
1793 1114 2027 1170 compositis
2071 1114 2208 1158 verbis
2243 1114 2337 1157 sim-

247 1200 417 1256 plicium
451 1199 535 1242 vim
570 1197 760 1249 intendit,
795 1198 921 1247 velut,
958 1211 1048 1240 cum
1083 1194 1323 1256 γιγνώσκω
1367 1196 1419 1239 sit
1450 1195 1657 1247 ‘noscere’,
1700 1193 2021 1255 διαγιγνώσκω
2065 1198 2126 1239 est
2157 1194 2337 1251 ‘pernos-

249 1279 362 1323 cere’.
421 1278 553 1335 Quare
578 1278 685 1321 nihil
709 1278 872 1321 videtur
895 1278 1057 1321 obstare
1082 1277 1181 1332 quin
1206 1275 1455 1332 διακρίνειν
1485 1276 1776 1332 intellegamus
1797 1274 2063 1320 ‘decernendo
2088 1275 2336 1320 attribuere'.

379 1361 430 1403 111
476 1362 715 1402 transcursu
759 1371 1025 1402 commemoro
1073 1358 1115 1400 in
1151 1371 1187 1400 v.
1226 1358 1275 1401 71
1330 1357 1587 1413 aptissimum
1634 1356 1736 1400 milii
1779 1356 1908 1400 videri
1952 1356 2185 1414 (ἵμερος,
2231 1357 2337 1413 quod

247 1453 320 1495 pro
365 1438 539 1495 ἅμερον
573 1438 834 1493 Hartungius
876 1438 1072 1492 reposuit,
1117 1441 1157 1480 et
1201 1438 1243 1480 in
1279 1451 1315 1479 v.
1354 1438 1411 1481 74
1449 1438 1707 1480 scribendum
1753 1450 1839 1480 esse
1875 1439 1921 1480 ἐν
1965 1435 2119 1495 πόντῳ
2161 1435 2338 1494 βάλεν

248 1517 441 1575 ἠλικίαν,
477 1519 503 1560 i.
539 1531 572 1560 e.
608 1515 761 1574 πόντῳ
798 1518 1009 1573 ἐνέβαλεν
1044 1516 1234 1572 ἠλικίαν.
1304 1519 1446 1571 Neque
1482 1518 1588 1560 enim
1624 1517 1801 1560 medium
1842 1518 1942 1560 satis
1977 1520 2195 1561 excusatur
2228 1518 2339 1561 locu-

246 1599 431 1642 tionibus
474 1598 671 1655 κρηπῒὸα
716 1595 971 1654 βάλλεσθαι
1015 1599 1152 1653 (Pyth.
1187 1598 1246 1640 IV
1289 1600 1388 1641 138.
1433 1598 1514 1640 VH
1562 1600 1601 1640 4.
1646 1599 1788 1653 fragm.
1834 1597 1906 1641 77.
1969 1598 2048 1640 101
2092 1598 2262 1653 Bergk.)
2298 1600 2338 1640 et

248 1680 459 1738 ἄγκυραν
502 1675 758 1734 βάλλεσθαι
802 1678 964 1732 (Isthm.
1001 1679 1036 1720 V
1076 1678 1165 1729 13),
1200 1691 1303 1732 quae
1335 1677 1672 1730 ‘fundament-um,
1708 1691 1896 1722 ancoram
1942 1678 2042 1721 sibi
2081 1677 2220 1721 iacere'
2256 1678 2339 1733 sig-

247 1759 428 1804 nificant.
497 1759 546 1802 Iu
583 1758 697 1803 codd.
722 1758 898 1814 primum
921 1755 1065 1815 βάλεν
1100 1757 1245 1802 leviter
1281 1759 1322 1802 111
1354 1756 1504 1816 βάλετ’
1531 1761 1778 1815 corruptum,
1813 1758 1965 1803 deinde⁴
1990 1760 2064 1803 hoc
2100 1758 2142 1802 111
2175 1754 2337 1816 βάλεθ’

248 1842 474 1885 correctum
509 1843 582 1884 est.

379 1920 625 1964 Levioribus
670 1920 735 1962 his
778 1920 967 1976 graviora
1011 1920 1299 1976 adiungantur.
1369 1921 1418 1963 In
1453 1935 1489 1962 v.
1529 1920 1586 1964 75
1633 1935 1721 1976 sqq.
1770 1921 1877 1964 enim
1912 1922 2011 1964 haec
2055 1920 2096 1963 in
2132 1920 2338 1976 plerisque

248 2002 362 2045 codd.
398 2001 548 2045 tradita
583 2002 804 2045 habemus:
841 2001 1049 2057 αἱρέομαι

508 2080 600 2138 πὰρ
636 2080 721 2138 μὲν
757 2085 1026 2137 Σαλαμῖνος
1057 2080 1320 2125 Ἀθαναίων
1350 2079 1490 2137 χάριν

509 2159 700 2219 μισθόν,
738 2162 786 2205 ἐν
821 2159 1019 2219 Σπάρτᾳ
1056 2160 1097 2203 (5³
1129 2161 1236 2218 ἐρέω
1274 2161 1358 2204 τάν
1393 2161 1479 2217 πρὸ
1518 2163 1807 2219 Κιθαιρῶνος
1840 2160 2010 2219 μάχαν,

512 2247 629 2286 ταῖσι
669 2241 827 2297 ὖΙῆὸσι
861 2240 1012 2298 κάμον
1048 2240 1352 2302 ἀγκυλότοξοι,

509 2341 632 2378 παρα
653 2322 701 2366 δὲ
726 2322 813 2367 τάν
837 2322 1034 2379 εἰῖυὸρον
1058 2322 1204 2366 ἀκτὰν
1226 2322 1369 2379 Ἱμέρα
1389 2323 1627 2367 παίδεσσιν
1654 2323 1799 2380 ἱῆιινον
1818 2324 2109 2380 Δεινομένεος
2135 2322 2339 2372 τελέσαις,

515 2403 591 2447 τὸν
627 2403 822 2454 ἐδέξαντ’
859 2403 974 2461 ἄμφ’
1012 2403 1166 2461 ἀρετᾷ,
1203 2403 1431 2461 πολεμίων
1466 2403 1655 2461 ἀνδρῶν
1689 2402 1949 2461 καμόντων.

247 2487 347 2529 Cum
383 2486 425 2528 in
461 2486 723 2540 paucioribus
759 2487 870 2528 codd.
904 2485 1082 2541 ἑρίομαι
1118 2486 1183 2528 vel
1220 2486 1425 2540 (riquinum
1462 2486 1706 2537 inveniatur,
1740 2486 1860 2529 metri
1895 2500 2016 2529 causa
2050 2486 2154 2528 illud
2190 2485 2341 2540 recepit

246 2566 535 2609 Mommsenus.
606 2566 687 2608 Sed
733 2565 980 2609 indicativus
1025 2564 1202 2622 ἐρέοιιαι
1251 2565 1351 2608 alibi
1398 2579 1479 2608 non
1523 2570 1670 2617 exstat,
1717 2579 1847 2622 neque
1883 2566 1970 2609 eius
2006 2566 2220 2617 sententia,
2256 2565 2340 2608 sive

242 2646 403 2689 ‘dicere'
440 2648 551 2688 valet
587 2648 672 2688 sive
704 2645 999 2702 ‘interrogaress
1044 2647 1244 2689 convenit.
1314 2648 1458 2701 ltaque
1504 2647 1623 2689 metri
1666 2647 1908 2689 necessitate
1954 2648 2005 2689 ad
2039 2647 2215 2689 Dawesii
2249 2660 2341 2688 con-

246 2729 444 2771 iecturam
480 2728 724 2783 ἀρέομαι
762 2728 948 2770 ducimur
983 2728 1076 2769 iude
1112 2742 1135 2769 a
1169 2728 1375 2770 Boeckhio
1412 2728 1581 2781 reliquis
1625 2728 1851 2771 editoribus
1893 2729 2117 2782 probatam.
2187 2727 2341 2770 Eadem

246 2807 488 2852 necessitate
525 2822 616 2851 cum
652 2808 812 2851 duobus
847 2807 1148 2863 antiquioribus
1182 2807 1301 2851 libris
1337 2805 1422 2851 τάν
1454 2810 1547 2851 autc
1582 2805 1669 2864 πρὸ
1695 2808 1986 2863 Ιὺθαιρῶιω,Ι
2020 2807 2246 2851 eiciendum
2280 2809 2342 2851 est

245 2887 543 2944 interpretandi
579 2902 700 2932 causa
735 2888 831 2932 olim
868 2888 1200 2944 superscriptum.
1269 2888 1368 2932 Post
1403 2885 1568 2944 Μῆδοι,
1606 2888 1713 2944 quod
1750 2891 1789 2932 et
1824 2887 1959 2945 ipsum
1994 2891 2133 2933 contra
2168 2890 2340 2932 metrum

246 2972 319 3021 est,
356 2968 579 3012 Triclinius
613 2966 698 3024 μὲν
733 2969 919 3012 voculam
953 2969 1126 3012 inseruit
1161 2970 1236 3013 hoc
1272 2969 1360 3013 loco
1396 2968 1579 3020 11111110111;
1632 2965 1823 3024 ῖὶίήδειοι
1861 2971 1997 3012 autem
2032 2982 2122 3012 cum
2157 2968 2342 3012 Moscho-
