2572 3289
2266 169 2293 212 9

212 300 314 342 haec
347 298 502 354 optatio
537 311 628 341 cum
664 297 875 352 superiore
911 297 1143 340 cohaereret
1186 296 1286 339 satis
1327 296 1636 352 intellegeretur
1668 299 1740 340 aut
1775 296 1871 351 quid
1914 296 2004 353 ipsa
2045 296 2123 341 sibi
2157 297 2295 341 vellet.

213 379 359 423 Nonne
394 378 503 422 enim
535 390 609 433 per
643 390 685 421 se
719 377 867 420 melius
903 380 965 420 est
998 377 1184 420 laborum
1224 376 1533 432 praeteritorum
1569 377 1755 420 oblivisci
1792 391 1913 432 quam
1947 377 2179 420 reminisci&
2235 377 2295 420 Ac

213 460 393 518 profecto
436 458 623 510 felicitas,
668 458 783 501 0111118
826 461 1063 513 perpetuam
1109 457 1453 500 conservationem
1489 457 1576 512 regi
1620 461 1739 512 poeta
1784 460 1908 513 optat,
1952 458 2003 502 ad
2045 470 2113 502 eos
2157 457 2296 514 potius

213 540 511 586 obliviscendos
546 553 668 595 quam
709 540 753 582 in
787 540 1021 583 memoriam
1055 539 1300 583 revocandos
1344 540 1524 583 conferre
1570 538 1687 583 solet.
1754 539 1848 594 Ipse
1896 537 2058 595 quidem
2092 531 2322 583 Pindarus*
2386 548 2389 549 ’

212 623 401 667 similiter
441 622 485 664 in
520 621 582 664 01.
617 621 661 663 II
701 622 757 663 18
793 634 880 675 sqq.
914 620 1061 676 prioris
1106 619 1350 665 calamitatis
1394 619 1639 665 oblivionem
1683 621 1859 665 secunda
1893 621 2054 665 fortuna
2098 621 2294 665 exsistere

211 704 310 748 dicit
343 703 409 747 his
443 701 601 747 verbis:

667 779 792 825 λάθα
828 780 876 825 δὲ
912 779 1071 840 πότμῳ
1107 780 1194 825 σὺν
1228 780 1464 838 εὐδαίλιιονι
1499 782 1658 842 γίνοιτ’
1692 783 1763 825 ἄν.

668 863 811 906 ἐσλῶν
844 859 934 923 γὰρ
969 860 1058 905 ὑπὸ
1087 859 1343 918 χαρμάτων
1377 867 1503 919 πῆμα
1541 860 1729 919 θνᾴσκει

670 941 945 1005 παλίγκοτον
980 941 1240 1001 &alnao-9511,

668 1022 780 1068 ὅταν
817 1028 930 1068 θεοῦ
965 1027 1101 1080 μοῖρα
1137 1024 1292 1080 πέμψῃ

669 1103 834 1153 ἀνεκὰς
868 1105 1009 1160 ὄλβον
1043 1102 1232 1160 ὑψηλόν.

218 1185 328 1242 Quae
359 1199 449 1229 cum
481 1185 539 1228 ita
570 1186 664 1237 sint,
700 1186 992 1228 sententiarum
1016 1184 1297 1229 convenientia
1319 1198 1366 1228 ac
1390 1198 1610 1229 consensus
1633 1186 1733 1229 mihi
1757 1185 1916 1229 restitui
1940 1185 2113 1239 videtur,
2139 1186 2174 1229 si
2208 1185 2293 1229 leni

216 1268 321 1311 facta
343 1266 568 1310 mutatione
600 1267 823 1310 scribamus
855 1265 1075 1323 καμάτων
1100 1264 1142 1309 (5³
1176 1264 1377 1309 ἐπίλασιν
1408 1265 1717 1323 παρασχών
1744 1293 1799 1297 —
1825 1266 2010 1324 μηκέτ’
2047 1264 2293 1324 ἀμνάσειεν

214 1364 253 1390 κ.
277 1365 316 1391 τ.
342 1353 378 1391 λ.
449 1347 536 1403 Quo
571 1347 677 1391 facto
703 1350 821 1402 po'eta
857 1349 972 1402 optat
1004 1349 1051 1389 ut
1085 1359 1201 1390 omne
1236 1347 1343 1402 quod
1377 1346 1504 1390 instat
1537 1350 1697 1403 tempus
1731 1347 1966 1391 felicitatem
2000 1350 2041 1391 et
2074 1361 2171 1403 opes
2205 1348 2293 1403 regi

212 1431 415 1474 sustentet
465 1431 577 1484 (nam
626 1424 843 1471 εὐθύνειν
895 1426 962 1470 1110
1011 1427 1118 1469 idem
1169 1428 1249 1470 fere
1301 1428 1408 1470 valet
1459 1428 1568 1482 quod
1618 1427 1797 1484 ὀρθοῦν
1847 1430 1990 1471 Isthm.
2035 1429 2094 1471 IV
2138 1430 2199 1471 43
2251 1433 2292 1472 et

215 1510 462 1569 ὀρθωτῆρα
498 1509 644 1553 πέλειν
679 1508 783 1551 infra
817 1508 859 1550 111
904 1538 931 1549 ..
972 1510 1049 1561 56)
1084 1511 1124 1551 et
1160 1510 1388 1551 exantlatos
1421 1510 1581 1551 labores
1615 1509 1658 1551 in
1692 1509 1936 1552 oblivionem
1972 1509 2177 1553 adducens
2210 1523 2293 1554 non

211 1591 293 1635 iam
326 1591 370 1634 in
404 1591 637 1633 memoriam
672 1590 709 1633 ei
744 1593 904 1633 revocet
940 1589 1131 1644 qualibus
1165 1590 1207 1631 in
1242 1589 1392 1645 pugnis
1426 1590 1617 1633 toleranti
1661 1590 1794 1634 animo
1829 1590 2161 1645 perseveraverit,
2195 1590 2220 1633 i.
2257 1604 2290 1634 e.

211 1685 302 1716 eum
348 1671 536 1715 oblivisci
582 1671 689 1713 sinat
733 1674 907 1725 quantos
949 1671 992 1713 111
1034 1671 1143 1714 bello
1178 1671 1337 1714 labores
1379 1671 1634 1723 toleraverit,
1675 1675 1721 1713 nt
1766 1671 1858 1714 illas
1904 1671 1983 1715 sibi
2028 1675 2290 1727 compararet.

209 1754 426 1796 Praeterea
461 1766 552 1795 cum
594 1751 773 1807 Bergkio
809 1753 923 1800 οἵαις
964 1753 1011 1794 ἐν
1053 1751 1315 1808 πολέμοιο
1357 1749 1526 1809 μάχαις
1559 1751 1815 1795 scribendum
1850 1755 1922 1795 est.
1991 1753 2095 1795 Nam
2142 1769 2292 1809 παρα-

210 1832 362 1890 ,ιιένειν
396 1830 500 1882 τινί,
535 1831 615 1874 11181
658 1831 981 1874 instrumentalis
1027 1834 1086 1874 est
1129 1832 1303 1882 dativus,
1348 1833 1545 1886 quomodo
1580 1833 1698 1887 Pyth.
1734 1833 1836 1875 VHI
1872 1833 1931 1875 40
1975 1833 2292 1889 παρμένοντας

211 1915 354 1970 αἰχμᾷ
390 1912 548 1964 dicitur,
590 1910 822 1967 ‘perdurare
866 1914 972 1967 apud
1014 1912 1202 1967 aliquem'
1247 1913 1332 1956 sive
1364 1911 1494 1955 ‘nulla
1535 1912 1578 1955 in
1620 1926 1662 1956 re
1705 1925 1796 1956 eum
1840 1912 2033 1956 deserere’
2077 1916 2207 1966 sonat,
2250 1916 2291 1957 et

211 2007 302 2037 cum
336 1994 476 2036 eodem
513 2006 636 2036 sensu
672 2007 792 2048 quem
826 1994 894 2037 1110
929 1993 1203 2037 desideramus
1237 1992 1342 2037 infra
1374 1992 1417 2036 111
1450 2007 1488 2036 v.
1518 1993 1576 2037 89
1614 1993 1662 2038 ἐν
1697 1991 1809 2053 ὀργᾷ
1845 1992 2091 2051 παρμένων
2124 1993 2290 2050 legitur.

209 2076 257 2117 In
294 2075 562 2130 sequentibus
597 2073 861 2131 εὑρίσκοντο
898 2075 949 2118 11(1
982 2074 1203 2119 Hieronem
1237 2076 1278 2119 et
1313 2075 1456 2119 fratres
1499 2073 1587 2118 eius
1621 2075 1820 2126 referunt,
1855 2087 2027 2130 quorum
2068 2078 2204 2118 tamen
2249 2075 2292 2117 in

209 2155 482 2200 anterioribus
504 2155 666 2199 nullum
690 2158 751 2199 est
774 2155 981 2200 indicium.
1026 2155 1157 2212 Quare
1176 2156 1408 2212 probandus
1432 2159 1494 2199 est
1518 2156 1724 2212 optativus
1748 2155 1950 2211 generalis
1974 2154 2290 2212 εὑρίσκοιτο,

208 2239 256 2280 ut
289 2236 332 2280 in
366 2250 448 2280 uno
483 2237 619 2281 codice
654 2238 862 2281 Thomano
898 2237 1093 2293 scriptum
1134 2240 1195 2281 est
1231 2241 1271 2281 et
1305 2237 1526 2281 Triclinius
1561 2237 1745 2281 correxit.
1814 2238 1862 2279 In
1907 2237 2025 2279 initio
2068 2236 2290 2292 optationis

210 2316 329 2361 οὕτω
372 2331 516 2373 parum
567 2321 676 2361 recte
723 2318 1013 2373 interpretatus
1060 2321 1122 2361 est
1169 2318 1388 2362 scholiasta
1435 2317 1495 2366 ὠ,-
1542 2316 1629 2377 ἒγα)
1677 2316 1782 2365 τοὺ,-
1830 2316 2078 2366 ἑναντίους’
2110 2322 2290 2373 νικῆσαι

207 2395 469 2454 προσδοκῶ,
517 2398 634 2453 quasi
673 2411 769 2441 vero
812 2401 932 2453 poeta
974 2399 1084 2454 regis
1136 2399 1369 2442 felicitatem
1420 2402 1503 2442 tam
1547 2401 1695 2442 celtam
1738 2411 1826 2440 esse
1868 2398 1971 2441 velit
2010 2411 2131 2453 quam
2175 2411 2291 2442 suam

210 2478 565 2533 exspectationem.
636 2478 751 2534 Quod
791 2480 842 2522 ab
877 2480 954 2523 hoc
996 2480 1085 2523 loco
1119 2479 1297 2523 alienum
1340 2492 1426 2523 esse
1461 2482 1572 2535 puto.
1639 2479 1744 2521 Nam
1786 2478 1828 2521 id
1871 2478 2006 2534 ipsum
2047 2477 2127 2521 iam
2169 2481 2290 2534 poeta

209 2558 308 2602 dicit
331 2572 411 2613 quo
447 2572 488 2602 se
521 2560 775 2603 adversarios
807 2562 1094 2615 superaturum
1125 2573 1212 2604 esse
1247 2557 1511 2619 (otfredum-9³
1547 2559 1805 2604 scribendum
1840 2556 1918 2619 est)
1955 2562 2102 2615 sperat.
2170 2560 2291 2616 Cogi-

208 2639 378 2682 tandum
401 2638 539 2694 potius
574 2642 636 2683 est
672 2639 793 2684 οὕτω
828 2639 889 2690 ὥς
922 2641 1058 2691 ἔστιν,
1096 2641 1144 2684 (10
1179 2653 1257 2696 quo
1292 2653 1369 2682 usu
1388 2641 1435 2684 cf.
1461 2641 1585 2696 Soph.
1619 2641 1704 2683 ΟΒ.
1732 2642 1836 2683 256.
1878 2640 2012 2684 1427.
2048 2640 2125 2683 OC.
2156 2641 2290 2684 1279.

208 2718 305 2764 Ant.
343 2721 448 2764 315.
517 2721 690 2777 Pro'pter
737 2722 985 2778 optationem
1030 2734 1132 2778 quae
1174 2721 1310 2764 verbis
1353 2722 1401 2764 de
1445 2721 1595 2777 quibus
1638 2721 1796 2777 egimus
1840 2721 2072 2765 continetur
2105 2723 2290 2777 αἰνῆσαι,

207 2800 252 2843 111
296 2814 334 2843 v.
379 2802 439 2843 43
483 2815 564 2844 11011
596 2800 790 2845 ‘laudare'
834 2803 1052 2858 significat,
1094 2806 1139 2844 ut
1182 2803 1421 2857 plerumque
1464 2804 1805 2858 interpretantur,
1852 2804 1923 2846 sed
1966 2802 2006 2845 in
2052 2802 2290 2846 universum

204 2879 269 2924 ‘de
292 2881 430 2936 aliquo
457 2881 601 2925 dicere'
638 2879 705 2940 (cf.
730 2881 920 2938 Aeschyl.
943 2882 1021 2939 Ag.
1052 2880 1214 2942 1482);
1249 2896 1340 2925 nain
1377 2884 1562 2938 sequitur
1585 2883 1737 2938 optatio
1766 2897 1857 2926 cuni
1891 2883 2125 2940 laudatione
2149 2882 2290 2926 mixta.

2004 2956 2028 2992 2
