2572 3289
2259 136 2288 182 7

331 273 557 329 Postqmzm
591 272 642 317 116
675 270 876 317 carminis
889 273 1132 327 argumento
1166 272 1209 313 et
1219 269 1539 312 ‘sententiarum
1561 268 1702 312 ordine
1734 271 1775 311 et
1798 267 2083 312 coniunctione
2105 266 2292 323 exposui,

204 355 255 398 de
296 354 457 410 aliquot
497 353 586 397 eius
626 352 729 396 locis
771 364 902 395 meam
943 363 1169 406 proponere
1211 350 1304 393 volo
1347 349 1593 393 sententiam
1635 350 1685 393 de
1728 349 1879 405 quibus
1920 347 2184 393 emendandis
2222 347 2291 392 vel

202 433 456 491 explicandis
488 446 571 476 non
605 432 705 476 satis
739 432 903 475 videtur
937 434 1132 475 constare.

331 514 395 558 Ad
430 529 468 557 v.
510 515 565 558 10
601 527 689 568 sqq.
724 512 802 556 καὶ
835 510 925 572 γὰρ
960 509 1127 569 βιατὰς
1150 511 1283 569 Ἄρης
1316 511 1532 568 τραχεῖαν
1566 510 1736 554 ἄνευθε
1771 507 1915 554 λιπών

465 593 633 654 ἐγχέων
669 591 827 650 ἀκμάν
862 591 994 636 ἰαίνει
1028 590 1226 648 καρδίαν

464 669 657 730 κώματι,
693 676 807 729 κῆλα
833 670 882 715 δέ
916 671 992 714 καὶ
1017 669 1256 727 δαιμόνων
1282 671 1432 730 θέλγει
1464 670 1649 728 φρένας,
1675 670 1798 727 ἀμφί
1828 688 1874 713 τε
1898 668 2111 713 Λατοίδα
2147 670 2289 728 σοφίᾳ

1663 747 1982 807 βαθυκόλπων
2015 766 2062 794 τε
2098 753 2291 796 Moeno&

202 837 303 879 haec
326 836 495 878 adnotat
517 833 742 890 Bergkius:
774 831 926 876 ‘nescio
951 846 1004 875 an
1027 833 1153 876 verba
1185 832 1410 876 traicienda
1444 831 1528 875 sint
1560 835 1673 887 κῆλα
1709 828 1758 874 δὲ
1793 827 1991 885 κώματι;
2026 843 2120 874 nam
2155 829 2289 875 ἰαίνει

202 914 403 971 καρδίαν
436 915 689 987 iungendum
724 928 815 958 cum
849 913 986 957 verbis
1021 911 1145 971 ἀμφί
1178 930 1223 956 τε
1258 930 1298 956 κ.
1324 931 1361 955 τ.
1387 911 1436 955 λ.’
1505 912 1586 956 Sed
1621 912 1728 955 nihil
1761 911 1858 956 huic
1892 911 2103 956 iuncturae
2139 913 2289 965 obstat,

203 996 239 1039 si
271 1000 385 1051 κῆλα
422 993 472 1038 δὲ
497 1029 506 1037 .
531 1027 540 1036 .
568 1031 576 1038 .
602 1028 611 1037 .
636 994 807 1052 φρένας
841 993 884 1036 111
919 993 1198 1049 parenthesim
1232 993 1477 1049 redegimus.
1513 993 1571 1036 Of.
1596 992 1659 1036 Ol.
1684 993 1789 1036 VIII
1815 994 1874 1036 28
1899 1006 1958 1047 sq.
1998 992 2122 1049 Pyth.
2146 991 2188 1036 X
2211 993 2287 1035 45.

202 1077 319 1120 Nem.
354 1076 413 1119 IV
451 1076 523 1119 66.

332 1157 379 1199 In
416 1170 453 1198 V.
491 1156 549 1198 34
586 1168 645 1210 sq.
682 1152 856 1198 ἐοικότα
891 1153 980 1214 γὰρ

462 1233 540 1278 κᾶὶ
574 1238 756 1291 τελευτᾷ
792 1234 1011 1291 φερτέρου
1047 1231 1214 1278 νόστου
1250 1238 1402 1290 τυχεῖν

202 1314 414 1359 offensioni
458 1318 520 1358 est
562 1315 697 1357 nudus
740 1314 903 1357 dativus
939 1318 1134 1371 τελευτᾷ.
1202 1315 1308 1356 Nam
1351 1314 1532 1369 exceptis
1566 1314 1758 1357 feriarum
1800 1314 2035 1357 nominibus
2069 1318 2110 1358 et
2144 1315 2286 1370 paucis

201 1395 475 1439 substantivis
516 1396 559 1439 in
603 1395 752 1451 quibus
793 1394 897 1451 ipsis
932 1395 1126 1450 temporis
1160 1394 1272 1438 notio
1307 1395 1434 1447 inest,
1468 1395 1583 1438 velut
1619 1393 1770 1445 νυκτί,
1807 1399 1974 1452 καιρῷ,
2010 1394 2174 1438 dativus
2209 1396 2286 1439 hoc

200 1477 317 1520 modo
352 1476 412 1520 ita
446 1479 607 1521 tantum
631 1479 853 1532 usurpatur
877 1475 911 1519 si
935 1475 1192 1519 substantivo
1216 1475 1460 1518 attributum
1484 1475 1652 1530 aliquod
1683 1475 1869 1518 additum
1902 1479 1976 1518 est.
2044 1476 2103 1519 cf.
2127 1476 2284 1533 Krueg.

202 1557 337 1601 Gram.
374 1559 400 1613 ἓ
435 1558 510 1610 48,
548 1559 573 1600 2
609 1558 701 1601 adn.
740 1558 766 1599 6
803 1560 844 1600 61
882 1559 922 1600 7.
990 1558 1104 1613 Synt.
1139 1560 1247 1612 poet.
1282 1560 1323 1599 et
1358 1556 1452 1599 dial.
1488 1559 1514 1611 ἓ
1549 1558 1623 1608 48,
1663 1557 1688 1599 2
1724 1557 1816 1600 adn.
1854 1558 1894 1600 8.
1945 1556 2111 1601 Kuehn.
2147 1558 2283 1602 Gram.

201 1651 305 1680 max.
342 1640 369 1692 g
404 1639 512 1689 426,
550 1639 575 1680 2
612 1639 703 1680 adn.
741 1639 767 1680 4
850 1638 967 1680 Nihil
1001 1641 1137 1681 autem
1172 1639 1223 1681 ad
1258 1638 1561 1681 rescribendum
1595 1637 1755 1681 facilius
1790 1651 1912 1693 quam
1955 1638 2064 1693 quod
2097 1638 2284 1683 Moscho-

201 1718 326 1773 pulus
367 1717 449 1761 iam
491 1717 672 1761 restituit
711 1716 815 1761 κᾶν
851 1722 1045 1774 τελευτᾷ.
1114 1717 1172 1760 Cf.
1208 1719 1256 1760 ἐν
1289 1717 1365 1761 καὶ
1408 1722 1591 1774 τελευτᾷ
1633 1718 1695 1761 Ol.
1737 1718 1817 1760 VII
1863 1719 1935 1760 26.
2001 1719 2133 1761 Paulo
2176 1719 2284 1762 enim

201 1797 367 1853 longius
401 1811 426 1841 a
457 1798 619 1841 traditis
653 1799 789 1841 verbis
824 1798 949 1841 distat
972 1798 1170 1841 Boeckhii
1204 1799 1431 1841 emendatio
1464 1797 1541 1841 καὶ
1575 1797 1787 1841 τελευτὰν
1821 1798 2046 1855 φερτὲραν
2081 1795 2285 1859 (plerique

201 1878 315 1920 codd.
359 1875 585 1936 φερτέρᾳ).
660 1879 746 1921 Nec
796 1878 964 1921 meliora
1016 1878 1087 1921 alii
1138 1879 1410 1933 protulerunt.
1487 1878 1548 1921 De
1592 1879 1701 1921 nudo
1753 1877 1956 1921 infinitivo
1999 1879 2141 1923 aoristi
2191 1883 2286 1936 post

202 1956 375 2001 ἐοικότα
412 1962 606 2013 sequente
641 1959 688 2002 cf.
725 1972 827 2014 quae
863 1958 948 2002 dixi
981 1958 1025 2002 in
1061 1958 1242 2014 Quaestt.
1278 1972 1404 2015 gram.
1440 1959 1491 2003 ad
1526 1959 1652 2002 Thuc.
1686 1958 1983 2018 pertinentium
2016 1973 2055 2016 p.
2093 1959 2133 2004 7.

333 2038 380 2081 V.
425 2039 486 2082 46
533 2052 621 2094 sqq·
665 2041 701 2082 εἰ
743 2036 832 2098 γὰρ
876 2036 899 2082 ὁ
940 2043 1029 2087 πᾶς
1066 2036 1233 2095 χρόνος
1276 2040 1417 2096 ὄλβον
1466 2037 1553 2096 μὲν
1596 2038 1717 2082 οὕτω
1767 2039 1844 2081 καὶ
1894 2037 2101 2084 κτεάνων
2152 2040 2285 2085 δόσιν

1227 2118 1432 2170 εὐθύνοι,
1468 2117 1690 2176 καμάτων
1724 2117 1767 2162 δ’
1803 2118 2006 2164 ἐπίλασιν
2040 2119 2283 2178 παράσχοι.

465 2196 490 2255 ἦ
524 2216 602 2242 κεν
637 2197 882 2256 ἀμνάσειεν
918 2202 1030 2248 οἵαις
1065 2201 1114 2243 ἐν
1147 2200 1374 2243 πολέιιοισι
1411 2197 1578 2256 μάχαις

463 2278 653 2337 τλάμονι
693 2284 817 2338 ψυχᾷ
852 2280 1095 2337 παρέμειν’,
1132 2280 1248 2336 &ms
1285 2279 1545 2335 εὑρίσκοντο
1580 2281 1707 2323 θεῶν
1740 2276 1972 2337 παλάμαις
2005 2280 2146 2338 τιμὰν

465 2361 567 2403 οἵαν
602 2361 725 2410 οὔτις
755 2359 982 2404 Ἑλλάνων
1016 2361 1182 2417 δρέπει,

210 2503 212 2506 Ι
462 2438 660 2484 πλούτου
696 2439 955 2498 στεφάνωμ’
998 2442 1242 2502 ἀγέρωχον.

202 2519 472 2563 Consentiunt
514 2524 551 2563 εἰ
584 2519 674 2580 γάρ
709 2523 786 2565 1100
819 2522 907 2565 loco
950 2522 993 2565 in
1035 2522 1153 2565 initio
1197 2522 1417 2577 optationis
1459 2522 1638 2577 positum
1671 2534 1780 2575 esse,
1815 2523 2006 2578 quoniam
2041 2524 2162 2568 aliter
2194 2523 2284 2586 γάρ

201 2599 512 2654 explicationem
546 2614 628 2644 non
662 2603 799 2654 habet,
833 2606 875 2645 et
907 2600 1129 2659 καμάτων
1164 2602 1207 2645 ‹5’
1242 2601 1445 2646 ἐπίλασιν
1479 2599 1705 2658 παράσχοι
1741 2615 1786 2645 60
1821 2604 2004 2646 referunt
2026 2606 2136 2660 quod
2157 2606 2286 2649 Hiero

201 2680 358 2723 calculo
392 2680 615 2724 laborabat.
682 2682 748 2725 Ita
783 2682 863 2725 iam
907 2683 1128 2726 scholiasta
1161 2683 1453 2737 interpretatus
1499 2686 1580 2734 est,
1624 2684 1733 2738 apud
1769 2696 1889 2738 quem
1924 2685 2024 2729 haec
2066 2686 2284 2742 leguntur:

201 2757 251 2803 τὸ
287 2761 324 2802 εἰ
358 2763 493 2803 τοῦτο
517 2764 604 2804 νῦν
629 2759 836 2806 εὐκτικόν
860 2764 981 2806 ἐστιν
1006 2761 1109 2806 α’ντιῖ
1144 2766 1226 2805 τοῦ
1251 2763 1345 2804 εἴθε
1366 2795 1375 2804 .
1396 2796 1404 2804 .
1427 2797 1435 2804 .
1457 2794 1465 2802 .
1485 2760 1708 2818 καμάτων
1731 2763 1844 2820 φησὶ
1877 2768 1971 2807 τῶν
1995 2763 2286 2821 συνεχόντων

199 2838 281 2883 τὸν
311 2837 488 2896 Ἱέρωνα
524 2842 572 2883 ἐκ
613 2845 697 2884 τοῦ
738 2841 994 2898 νοσήματος
1039 2847 1116 2897 τῆς
1158 2842 1407 2899 λιθουρίας.
1452 2843 1564 2900 φησὶ
1605 2841 1693 2902 γάρ
1737 2861 1826 2887 που
1871 2844 1946 2888 καὶ
1985 2845 2285 2901 Ἀριστοτέλης
