2572 3289
251 175 308 219 10

376 304 523 362 Pergit
554 306 759 350 Pindarus
793 306 858 350 his
892 306 1029 350 verbis
1062 321 1100 349 v.
1138 307 1197 351 50
1233 320 1342 362 sqq:

1207 391 1296 433 νῦν
1329 404 1378 448 γε
1412 385 1509 446 μὰν
1542 385 1630 433 τάν
1663 385 1949 446 Φιλοκτήταο
1984 386 2120 433 δίκαν
2155 388 2335 449 ἐφέπων

508 465 808 526 ἐστρατεύθη·
847 466 935 513 σὺν
968 466 1011 513 δ’
1045 466 1225 531 ἀνάγκᾳ
1259 486 1341 527 μιν
1374 467 1511 529 φίλον

509 548 584 593 καί
618 566 684 598 τις
717 547 805 593 ἐών
839 547 1112 610 μεγαλάνωρ
1148 551 1320 593 ἔσανεν.
1357 548 1499 608 φάντι
1533 548 1582 593 δὲ
1617 548 1877 606 Λαμνόθεν
1917 551 2029 594 ἕλκει
2073 549 2333 609 τειρόμενον

1753 629 2148 687 μεταλλάσσοντας
2182 632 2334 675 ἐλθεῖν

505 709 657 766 ἥρωας
691 711 934 759 ἀντιθέους
972 710 1200 759 ῙῙοίαντος
1235 710 1335 754 υἱὸν
1368 709 1572 760 τοξόταν.

244 791 310 834 Ita
332 791 375 833 in
398 791 517 834 libris
540 805 636 834 mss.
660 791 857 835 traditum
881 792 1111 846 accepimus
1134 794 1417 846 praeterquam
1441 792 1550 847 quod
1576 791 1619 834 in
1642 795 1756 847 parte
1791 805 1930 835 eorum
1964 789 2334 850 μεταλλάσοντας

243 870 312 915 vel
345 867 715 928 μεταλάσσοντας
749 873 894 914 exstat.
962 870 1231 915 Accusativus
1264 887 1346 928 μιν
1368 871 1545 915 Pindaro
1579 871 1875 916 abiudicandus
1908 874 1990 924 est;
2034 872 2105 917 sed
2138 871 2332 916 facillime

244 952 536 996 rescriberetur
559 969 647 1003 νιν,
685 952 719 996 31
754 952 813 996 ita
836 952 1144 996 convenientem
1166 952 1492 997 nancisceremur
1526 952 1782 996 sententiam.
1851 951 1968 1009 Quod
1990 953 2224 1010 negandum
2257 955 2330 997 est.

243 1033 350 1077 Nam
385 1034 434 1076 de
468 1033 700 1078 Phileeteta
734 1033 792 1077 ita
827 1032 914 1077 σὺν
950 1032 992 1078 δ’
1027 1031 1210 1094 ἀνάγκᾳ
1240 1070 1248 1077 .
1278 1069 1286 1077 .
1314 1070 1322 1077 .
1349 1034 1508 1079 ἔσανεν
1543 1034 1652 1078 dicta
1686 1046 1773 1077 esse
1807 1037 2036 1089 nequeunt⁷
2073 1034 2264 1090 quoniam
2298 1034 2334 1078 is

242 1127 325 1158 non
359 1113 513 1158 amicus
548 1116 635 1158 erat
669 1113 839 1167 Atridis,
875 1114 945 1170 qui
980 1127 1072 1158 eum
1106 1127 1179 1170 per
1212 1114 1376 1159 Ulixem
1418 1117 1459 1158 et
1492 1114 1804 1171 Neoptolemum
1847 1115 2116 1160 arcessebant.
2184 1115 2329 1171 Itaque

242 1195 475 1239 Boeckhius
509 1198 652 1239 auctor
686 1194 764 1238 fuit
805 1199 852 1238 ut
896 1196 947 1239 ad
982 1195 1184 1239 Cumanos
1227 1208 1274 1239 ea
1307 1196 1513 1239 referrent.
1582 1195 1663 1239 Sed
1706 1195 1764 1240 sic
1797 1195 1933 1240 minus
1967 1199 2109 1252 aptum
2143 1198 2205 1240 est
2238 1209 2330 1252 pro-

241 1288 388 1319 nomen
422 1275 693 1326 indefinitum‚
737 1275 829 1327 nisi,
874 1276 982 1330 quod
1025 1289 1122 1318 sane
1164 1276 1272 1327 licet,
1316 1276 1610 1331 generaliorem
1652 1288 1740 1319 esse
1773 1279 1966 1331 putamus
2010 1276 2254 1319 sententiam
2289 1280 2330 1319 et

241 1356 365 1399 simul
407 1356 529 1399 etiam
573 1357 623 1399 ad
667 1356 769 1398 alios
812 1359 994 1411 spectare
1036 1356 1107 1410 qui
1142 1356 1313 1398 Hieroni
1348 1356 1523 1398 blanditi
1558 1356 1642 1398 sint
1675 1356 1764 1399 eius
1806 1357 2006 1399 auxilium
2041 1357 2328 1411 implorantes;

240 1436 386 1480 deinde
430 1449 539 1487 vero,
584 1435 626 1478 id
668 1436 776 1490 quod
819 1435 1106 1491 gravissimum
1151 1439 1225 1487 est,
1272 1436 1330 1479 sic
1374 1449 1542 1491 prorsus
1592 1436 1905 1490 interrumpitur
1947 1436 2193 1491 comparatio
2237 1449 2328 1480 cum

237 1516 470 1559 Philocteta
503 1516 707 1567 instituta,
741 1529 873 1570 neque
897 1517 974 1558 hoc
1007 1516 1318 1565 incommodum,
1352 1520 1399 1558 ut
1422 1516 1654 1559 Boeckhius
1678 1516 1881 1571 opfflatur,
1916 1516 2015 1559 satis
2039 1529 2085 1559 co
2115 1519 2329 1571 reparatur

239 1597 348 1653 quod
394 1596 437 1640 in
481 1596 750 1652 sequentibus
792 1596 1047 1640 Philoctetae
1090 1609 1235 1640 nomen
1287 1596 1486 1652 repetitur
1527 1596 1695 1641 vocibus
1740 1595 1973 1645 Ποίαντος
2019 1593 2131 1640 υἱόν.
2208 1595 2326 1639 Nihil

236 1691 333 1722 vero
376 1677 589 1734 proficitur
631 1677 857 1720 Hermanni
901 1677 1125 1721 mutatione
1169 1676 1256 1721 σὺν
1301 1676 1343 1721 δ’
1383 1677 1635 1738 ἀναγκαίᾳ,
1687 1677 1786 1721 licet
1827 1678 2014 1733 exempla
2056 1690 2106 1720 ex
2148 1677 2325 1721 Homero

237 1760 411 1815 Tyrtaeo
445 1758 619 1812 aliisque
654 1758 787 1812 poetis
821 1758 1116 1800 vetustioribus
1159 1759 1285 1801 allata
1319 1759 1523 1801 sufficiant
1565 1759 1616 1801 ad
1660 1758 1747 1801 eius
1782 1757 1959 1800 nominis
1993 1770 2111 1800 usum
2146 1758 2324 1800 Pindaro

236 1852 398 1895 quoque
432 1839 751 1883 attribuendum.
820 1838 924 1881 Nam
967 1852 1018 1881 ne
1062 1838 1307 1894 comparatio
1350 1838 1648 1894 interpelletur,
1682 1837 1887 1895 generalis
1923 1850 2025 1893 quae
2061 1836 2120 1881 sic
2163 1836 2326 1881 exsistit

235 1919 439 1980 sententia
473 1923 515 1963 et
555 1919 646 1975 ipsa
680 1919 731 1962 ad
763 1903 1036 1961 Philoctetam
1071 1918 1328 1974 potissimum
1364 1922 1545 1973 spectare
1580 1919 1712 1971 debet,
1748 1919 1819 1974 qui
1846 1918 2005 1962 Atridis
2038 1932 2121 1962 non
2155 1919 2322 1971 amicus,

235 2003 306 2045 sed
348 2001 533 2044 infensus
575 2000 664 2043 fuit.
732 1999 977 2054 Repudiatis
1019 1999 1149 2055 igitur
1183 1999 1380 2043 Boeckhii
1424 2003 1464 2042 et
1507 1999 1732 2043 Hermanni
1774 1999 2003 2044 rationibus
2045 1993 2322 2043 Mommsenus

233 2095 283 2126 ex
318 2081 486 2125 scholiis
520 2080 762 2135 scripturam
798 2078 884 2122 σὺν
919 2078 961 2122 δ’
986 2076 1165 2139 ἀνάγκᾳ
1201 2096 1276 2123 νιν
1309 2076 1448 2123 νόσου
1483 2080 1716 2135 assumpsit.
1783 2079 1981 2136 Legimus
2004 2080 2112 2124 enim
2137 2081 2189 2124 ad
2212 2081 2322 2125 hunc

232 2175 396 2206 versum
429 2162 530 2205 haec
563 2161 606 2204 in
641 2160 692 2204 iis
726 2161 938 2204 adnotata:
984 2157 1071 2202 σὺν
1106 2157 1155 2202 δὲ
1190 2163 1244 2216 τῇ
1280 2157 1457 2219 ἀνάγκῃ
1503 2164 1581 2215 τῆς
1620 2157 1762 2204 νόσου
1801 2158 1880 2204 καί
1918 2177 1985 2209 τις
2030 2157 2324 2218 ὑπερήφανος

233 2244 364 2287 ἔσανε
403 2242 480 2286 καὶ
523 2238 813 2285 ἐκολάκευσεν
867 2238 1032 2291 αὐτόν,
1084 2239 1166 2283 τὸν
1197 2239 1377 2295 Ἱέρωνα
1421 2239 1645 2295 δηλονότι.
1713 2239 1928 2298 βούλεται
1972 2239 2021 2284 δὲ
2065 2241 2206 2301 λέγειν
2253 2240 2323 2284 ὅτι

231 2323 307 2367 καὶ
358 2327 587 2366 νοσοῦντα
640 2320 783 2364 αὐτὸν
825 2320 980 2364 πολλοὶ
1030 2325 1126 2363 τῶν
1168 2317 1479 2377 ὑπερηφάνων
1522 2319 1835 2364 ἐκολάκευσαν.
1914 2321 1995 2364 Sed
2037 2324 2323 2376 praeterquam

231 2404 340 2459 quod
374 2416 425 2447 ex
447 2404 524 2446 hac
557 2401 893 2457 interpretatione
929 2401 1175 2456 comparatio
1212 2415 1303 2444 cum
1325 2401 1557 2445 Philocteta
1578 2415 1660 2445 non
1684 2402 1819 2444 minus
1852 2401 2119 2454 disturbatur,
2155 2414 2322 2456 prorsus

228 2485 366 2539 inepte
401 2500 476 2527 νιν
510 2481 651 2526 νόσου
686 2483 870 2525 redditur
893 2482 1029 2525 verbis
1063 2481 1139 2524 καὶ
1175 2486 1402 2524 νοσοῦντα
1438 2479 1595 2532 αὐτόν,
1631 2485 1671 2525 et
1703 2482 1802 2536 quid
1836 2482 1975 2525 morbo
2000 2482 2192 2525 Hieronis
2227 2495 2319 2525 cum

229 2564 393 2608 blandis
427 2564 617 2619 precibus
653 2576 864 2606 commune
911 2563 965 2605 sit
999 2562 1150 2617 quibus
1185 2561 1384 2605 auxilium
1427 2563 1477 2605 ab
1522 2575 1567 2605 eo
1603 2562 1838 2617 petiverunt
1871 2575 2128 2617 nequaquam
2162 2562 2318 2617 perspi-

230 2646 346 2688 citur.
416 2645 602 2699 Denique
637 2644 809 2699 cogitari
833 2643 903 2685 vix
937 2646 1073 2697 potest
1098 2643 1297 2697 quomodo
1322 2642 1472 2685 factum
1507 2642 1561 2685 sit
1583 2645 1630 2685 ut
1664 2639 1804 2685 νόσου
1838 2642 1879 2685 111
1916 2640 2052 2699 φίλον
2076 2645 2317 2686 mutaretur.

229 2727 336 2769 Sane
371 2725 542 2768 dubium
577 2737 664 2767 esse
688 2724 832 2778 nequit
856 2723 956 2777 quin
991 2723 1106 2766 illius
1142 2722 1287 2766 scholii
1312 2727 1453 2766 auctor
1487 2720 1626 2766 νόσου
1661 2722 1704 2765 111
1739 2736 1812 2766 3110
1846 2722 1953 2766 libro
1987 2722 2210 2775 inveneiit;
2246 2723 2317 2766 sed

228 2806 305 2848 hoc
339 2804 635 2860 interpretandi
670 2816 792 2847 causa
837 2802 934 2846 011111
980 2803 1030 2845 ad
1066 2801 1152 2845 σὺν
1187 2799 1228 2844 δ’
1261 2799 1440 2861 ἀνάγκᾳ
1475 2801 1726 2856 adscriptum
1768 2805 1855 2845 erat
1888 2815 1912 2845 a
1951 2803 2100 2846 lectore
2136 2802 2206 2857 qui
2241 2804 2319 2846 hoc

228 2886 278 2928 ad
313 2885 543 2940 proximum
578 2900 660 2940 μιν
695 2882 831 2941 φίλον
866 2886 1048 2937 spectare
1074 2882 1264 2937 opinatus
1299 2883 1346 2925 de
1370 2882 1602 2925 Philocteta
1624 2882 1755 2925 morbi
1784 2883 2024 2926 necessitate
2060 2883 2316 2926 conflictante
