2572 3289
0 522 85 538 ‚,.ae—·

160 229 163 231 ’
231 228 311 299 pro
328 227 482 286 rutum
497 240 603 286 ⁴eins
644 227 780 286 salute
812 241 881 285 vel
904 240 1118 301 'felicitate
1160 243 1379 298 conceptae
1411 241 1642 294 adduntur,
1673 221 1832 286 versari
1860 221 2033 287 debere:
2049 224 2139 289 ffl
2232 299 2239 303 .

187 319 207 335 ⁶
233 312 344 368 cun'
359 317 448 368 inis
479 321 628 367 intima
650 322 826 379 quadam
859 321 1161 366 necessitudine
1194 321 1453 366 coniunctam
1486 334 1588 370 esse.
1654 321 1750 366 Non
1784 321 1908 367 aliter
1941 307 2009 370 res
2042 318 2096 367 se'
2115 306 2284 380 liabets
2395 372 2399 377 .

233 390 314 450 hoc
345 402 545 456 carmine,
588 402 706 448 cuius
739 403 873 448 media
905 395 1035 459 eaque
1068 403 1308 460 principalis
1341 416 1437 460 pars
1469 405 1558 448 tota
1589 403 1758 449 victoris
1799 403 1995 449 laudibus
2037 406 2081 448 et
2120 393 2348 453 adiunctis*

176 509 182 514 ·
230 483 516 542 emtionibus
548 497 596 530 ac
629 484 822 541 precibus
855 484 1099 529 continetur.
1167 484 1267 528 Tres
1301 484 1410 528 enim
1444 486 1542 528 sunt
1574 484 1699 529 huius
1741 484 1933 529 carminis
1965 487 2118 542 partes,
2152 496 2325 542 quarum
2345 491 2374 505 ’-
2406 501 2410 505 ·

233 565 368 623 prima
399 567 444 622 (1
458 566 622 621 —28),
664 579 769 622 quae
810 578 884 621 pro
927 565 1092 609 exordio
1135 565 1279 609 haberi
1320 569 1473 621 potest,
1516 566 1600 609 vim
1644 579 1691 610 ac
1732 566 1959 622 potentiam
2001 565 2104 610 artis
2145 565 2326 619 musicae
2382 608 2387 611 .

234 649 358 703 poeta
390 647 584 700 celebrat,
618 647 750 690 altera
783 647 1014 701 (29—80)
1047 646 1215 690 victoris
1257 659 1323 689 res
1365 649 1504 702 gestas
1537 647 1680 690 laudat
1713 660 1887 702 eumque
1930 647 2077 691 faustis
2119 646 2325 691 ominibus

158 725 162 728 ⁴
234 726 515 784 prosequitur,
556 727 698 779 tertia,
733 740 815 782 qua
857 727 1159 771 conclusionem
1202 727 1316 775 facit,
1360 727 1535 770 virtutes
1576 727 1641 770 illi
1684 728 1940 771 commendat
1983 727 2134 783 quibus
2177 728 2325 771 famam
2363 730 2365 733 ’
2423 742 2427 744 ’
2468 698 2477 731 ³

234 807 360 852 rebus
392 806 521 864 gestis
548 810 708 864 partam
742 809 1057 851 conservaturus
1092 806 1183 850 sit².
1249 805 1472 863 Aptissime
1512 806 1642 863 igit-ur
1674 807 1783 850 inter
1816 819 1860 850 se
1894 808 2114 852 cohaerent
2147 806 2326 851 secunda

235 890 278 932 et
309 887 434 932 tertia
465 900 574 944 pars,
610 887 763 943 quippe
798 900 972 943 quarum
1006 900 1165 930 summa
1207 887 1262 930 sit
1295 887 1542 942 praedicatio
1575 887 1744 931 victoris
1786 901 1880 931 cum
1912 887 2191 932 admonitione
2229 900 2324 931 0011-

232 968 375 1013 iuncta
416 971 459 1013 et
499 968 552 1012 ad
594 968 768 1024 gloriam
803 968 855 1011 ab
898 980 945 1010 00
988 970 1261 1022 comparatam
1304 971 1345 1010 et
1388 968 1703 1012 conservandam
1746 970 1834 1012 tota
1867 967 2083 1024 pertineat.
2150 967 2326 1012 Laxiore

232 1049 400 1094 vinculo
434 1062 527 1094 cum
560 1049 720 1105 reliquo
755 1048 931 1092 carmine
966 1061 1119 1092 conexa
1153 1051 1215 1092 est
1238 1048 1370 1104 prima
1391 1062 1500 1104 pars,
1532 1048 1683 1105 quippe
1718 1048 1834 1093 cuius
1868 1048 2073 1093 sententia
2095 1048 2325 1106 generalior

235 1130 292 1175 sit
325 1133 368 1175 et
400 1143 505 1187 quae
540 1130 671 1175 cnivis
706 1131 788 1174 fere
821 1129 1050 1173 laudationi
1072 1129 1255 1185 poeticae
1278 1129 1486 1185 praemitti
1514 1129 1654 1186 possit.
1721 1128 1915 1174 Attamen
1949 1143 2002 1174 ne
2024 1131 2125 1174 haec
2159 1129 2324 1186 quidem

234 1210 399 1268 proprio
434 1211 610 1267 quodam
643 1213 848 1254 momento
883 1212 994 1254 caret
1029 1223 1108 1265 quo
1144 1210 1362 1265 principali
1406 1210 1597 1254 carminis
1640 1210 1869 1255 sententiae
1903 1210 2147 1267 applicetur.
2214 1210 2323 1267 Quid

234 1293 344 1337 enim
378 1291 687 1336 convenientius
729 1294 817 1334 erat
851 1303 973 1346 quam
1016 1290 1194 1334 musicae
1236 1290 1337 1333 artis
1372 1290 1455 1333 vim
1498 1304 1631 1334 coram
1674 1304 1721 1334 00
1765 1292 1969 1336 celebrare
2004 1291 2076 1348 qui
2117 1291 2321 1348 insignem

233 1375 447 1429 poetarum
480 1373 680 1415 fautorem
714 1374 756 1414 et
797 1374 1014 1426 patronum
1050 1384 1091 1413 se
1126 1372 1340 1425 praeberet
1373 1375 1496 1426 atque
1539 1373 1616 1415 1100
1649 1372 1876 1427 patrocinio
1910 1384 2038 1427 regno
2083 1385 2155 1415 suo
2199 1372 2322 1416 decus

233 1456 276 1497 et
317 1456 600 1496 ornamentum
643 1453 790 1496 addere
834 1452 1043 1495 studeret?
1112 1451 1268 1495 Deinde
1302 1465 1398 1495 vero
1440 1452 1484 1495 in
1526 1453 1606 1495 fine
1649 1452 1774 1495 huius
1818 1452 1949 1507 partis
1983 1455 2106 1508 poet-a
2139 1452 2323 1508 Typhoei

233 1535 275 1578 et
316 1532 474 1577 Aetnae
515 1532 667 1577 montis
709 1531 936 1587 eruptionis
988 1531 1365 1576 commemoratione
1417 1533 1672 1576 commodum
1716 1531 1936 1576 transitum
1988 1532 2068 1576 sibi
2110 1534 2227 1588 parat
2269 1532 2322 1576 ad

234 1615 358 1668 caput
390 1612 640 1657 laudationis
675 1625 779 1667 quae
812 1612 1059 1667 insequitur,
1093 1611 1270 1655 Aetnam
1305 1612 1448 1655 urbem
1482 1613 1533 1655 ab
1568 1612 1748 1656 Hierone
1785 1613 1861 1655 sub
1906 1612 1995 1655 eius
2028 1612 2180 1655 montis
2213 1612 2323 1655 iadi-

232 1692 349 1739 cibus
382 1705 524 1737 recens
558 1691 773 1737 conditam.
841 1691 1105 1735 Validissima
1148 1691 1283 1734 omnia
1324 1690 1367 1734 in
1402 1692 1480 1735 hoc
1522 1691 1686 1735 exordio
1729 1695 1850 1748 poeta
1892 1691 1994 1735 dicit
2036 1694 2123 1735 arte
2165 1691 2321 1736 musica

231 1774 404 1819 deleniri
437 1776 600 1830 praeter
632 1786 680 1817 ea
715 1786 817 1829 quae
851 1773 941 1816 Iovi
984 1772 1118 1815 invisa
1152 1772 1255 1824 sint;
1299 1773 1398 1815 haec
1442 1772 1550 1815 0111111
1592 1772 1708 1816 illam
1744 1773 1923 1816 aversari
1965 1787 2012 1817 ac
2046 1773 2320 1817 reformidare.

230 1855 322 1900 Hoc
363 1855 567 1911 posterius
602 1854 785 1911 Typhoei
819 1854 1006 1910 exemplo
1048 1854 1233 1897 illustrat
1267 1854 1344 1897 sub
1379 1853 1513 1897 Aetna
1546 1857 1682 1898 monte
1716 1854 1915 1910 prostrati
1950 1857 1993 1897 et
2035 1854 2130 1898 inde
2164 1855 2321 1898 fumum
2375 1870 2382 1874 ·

230 1949 331 1980 saxa
371 1936 597 1992 igneosque
639 1948 779 1978 amnes
822 1935 1058 1978 evomentis.
1137 1934 1362 1989 Splendida
1403 1937 1540 1977 autem
1583 1948 1704 1989 quam
1748 1935 1815 1978 hic
1857 1936 2013 1991 profert
2047 1934 2321 1990 descriptione

229 2016 398 2072 respicit
419 2015 577 2060 Aetnae
611 2016 867 2071 eruptionem
890 2016 1004 2059 brevi
1039 2018 1135 2059 ante
1170 2016 1330 2066 factam,
1366 2028 1468 2069 quae
1500 2015 1656 2059 animos
1681 2015 1955 2071 spectantium
1990 2018 2031 2059 et
2064 2014 2319 2059 audientium

229 2097 406 2141 maximo
442 2099 607 2152 stupore
642 2096 832 2140 affecerat
866 2096 1063 2150 cuiusque
1099 2095 1221 2138 etiam
1256 2094 1484 2151 Aeschylus
1528 2095 1571 2138 in
1605 2097 1849 2140 Prometheo
1883 2096 2133 2139 mentionem
2166 2095 2331 2147 iniecit,

230 2189 358 2233 eaque
392 2176 562 2232 propius
595 2177 647 2220 ad
681 2188 745 2220 res
781 2176 845 2220 sui
879 2176 1073 2231 temporis
1117 2178 1159 2218 et
1193 2175 1357 2219 Siciliae
1402 2175 1557 2219 accedit
1599 2188 1769 2231 eamque
1813 2176 1944 2231 ipsam
1989 2189 2111 2231 quam
2144 2175 2320 2219 maxime

230 2258 308 2302 hoc
342 2256 520 2301 carmine
554 2257 836 2301 celebraturus
871 2260 944 2300 est.
1013 2256 1139 2299 Hiero
1175 2256 1283 2299 enim
1311 2255 1486 2311 Delphis
1520 2255 1563 2298 in
1598 2256 1875 2299 renuntianda
1897 2255 2069 2299 victoria
2091 2255 2320 2300 Aetnaeum

366 2511 381 2533 ²
410 2505 535 2546 Valde
562 2507 755 2546 abhorreo
791 2507 841 2546 ab
878 2506 1101 2545 arbitrariis
1140 2520 1273 2546 eorum
1311 2506 1531 2545 rationibus
1570 2507 1637 2556 qui
1666 2506 1827 2546 Pindari
1857 2507 2031 2546 carmina
2070 2510 2109 2546 et
2137 2484 2319 2557 Aeschyli

189 2590 192 2593 ¹
228 2572 382 2612 cantica
408 2572 451 2610 in
479 2572 586 2610 nomi
606 2571 845 2621 Terpandrei
874 2571 1126 2621 partitionem
1158 2575 1315 2620 cogunt,
1343 2583 1510 2620 quorum
1539 2571 1580 2609 in
1601 2570 1793 2622 Aeschylo
1821 2575 2005 2610 conatum
2035 2584 2160 2621 nuper
2188 2570 2319 2610 sobrio

228 2641 348 2687 atque
375 2635 619 2685 intellegenti
647 2635 793 2674 iudicio
822 2636 1007 2674 refutavit
1037 2634 1217 2674 Alfredus
1249 2635 1424 2685 Dippeus
1453 2635 1500 2673 de
1528 2636 1769 2674 canticorum
1799 2635 2099 2686 Aeschyleorum
2127 2634 2320 2684 composi-

226 2701 334 2740 tione
360 2700 567 2750 disputans
595 2700 636 2737 in
665 2699 968 2749 archigymnasii
998 2699 1220 2737 Susatensis
1249 2712 1378 2749 progr.
1407 2712 1441 2739 a.
1467 2701 1580 2738 1886.
1622 2699 1678 2740 Cf.
1709 2712 1809 2749 quae
1837 2699 1941 2738 idem
1969 2704 2106 2749 postea
2134 2698 2183 2738 de
2210 2699 2325 2737 omni*

226 2765 302 2804 hoo
329 2770 545 2804 commento
574 2764 754 2813 exposuit
782 2764 824 2802 in
854 2764 981 2802 diario
1011 2763 1241 2804 hebdomad.
1261 2764 1397 2814 philol.
1418 2763 1709 2814 (Woohenschr.
1741 2763 1804 2802 fiir
1822 2763 1941 2803 klass.
1963 2763 2125 2814 Philol.)
2153 2775 2188 2803 a.
2214 2763 2317 2802 1888

225 2842 263 2880 p.
295 2829 400 2868 1018
428 2841 512 2879 sqq.
545 2829 651 2867 1050
679 2840 763 2878 5(1(1.
796 2828 899 2867 1082
929 2840 1010 2878 sqq.
1043 2830 1147 2866 1114
1177 2841 1261 2878 sqq.
