2572 3289
202 175 260 219 16

195 303 330 358 (sich
372 304 596 348 erwirkt
630 304 836 357 haben).
905 304 962 348 Cf.
998 305 1120 361 Pyth.
1155 305 1222 348 111
1261 306 1350 348 115
1394 302 1586 363 παύροις
1619 304 1669 350 δὲ
1704 303 1934 364 πράξασθ’
1970 306 2172 364 εὐμαρές,
2214 307 2288 352 ubi

194 384 296 428 item
328 377 597 441 πράξασθαι
642 384 750 428 nihil
795 385 909 427 aliud
949 388 1011 428 est
1056 399 1177 440 quam
1209 383 1383 429 ‘efficere
1426 388 1474 428 ut
1519 386 1677 441 aliquid
1722 386 1802 430 sibi
1837 385 2073 442 contingat',
2140 387 2316 444 Itaque>

195 464 408 508 emendate
442 465 554 509 totus
588 465 703 509 100113
738 465 797 509 310
830 465 1043 509 scribitur:
1080 465 1271 521 a‘pe'ossaem
2479 523 2482 525 q

154 530 180 532 Η
458 543 551 603 πὰρ
585 543 670 602 μὲν
705 549 976 602 Σαλαμῖνος
1006 545 1272 589 Ἀθαναίων
1300 543 1441 602 χάριν
2241 547 2249 554 ’
2458 554 2460 556 ’
2496 558 2542 599 1¹

457 623 647 683 μισθόν,
684 628 732 669 ἐν
767 623 965 682 Σπάρτᾳ
1000 624 1049 668 δὲ
1083 627 1226 670 κλέων
1260 626 1346 682 πρὸ
1382 627 1674 683 Κιθαιρῶνος
1706 624 1877 684 μάχαν,

458 710 578 749 ταῖσι
622 703 814 761 Μήδειοι
849 704 1000 762 κάμον
1034 704 1341 766 ἀγκυλότοξοι,

2521 715 2527 719 ·
2516 641 2530 680 ,ι’-
2527 527 2532 531 .
2514 485 2524 488 ’

2519 507 2572 843 ,ζ-ὐνῖῐᾼῴζῂξιζέῖφκιιιώᾶῖῑ
2530 488 2565 498 ¹.

458 785 582 843 παρὰ
602 785 651 831 δὲ
671 786 759 831 τάν
783 785 980 843 εὔυδρον
1004 786 1152 831 ἀκτὰν
1166 785 1311 844 Ἱμέρα
1337 786 1575 833 παίδεσσιν
1597 786 1744 845 ὕλιινον
1763 788 2054 846 Δεινοιιιὲνεος
2076 788 2285 841 τελέσαις,

459 867 540 912 τὸν
576 865 816 925 ἑπράξαντ’
853 868 967 926 ἄμφ’
1005 868 1157 925 ἀρετᾷ,
1193 866 1422 925 πολεμίων
1457 867 1646 925 ἀνδρῶν
1679 866 1937 926 καμόντων.

195 949 285 992 Iam
320 948 355 992 si
389 951 518 992 totam
553 949 798 992 sententiam
833 948 1094 1004 respicimus,
1135 951 1255 1004 poeta
1291 950 1585 1003 quodammodo
1620 950 1840 1004 pollicetur
1884 963 1927 993 se
1961 950 2115 1005 pariter
2148 951 2290 994 carmi-

194 1028 320 1072 nibus
364 1029 666 1073 celebraturum
707 1042 795 1073 esse
829 1042 991 1085 pugnas
1036 1029 1087 1072 ad
1132 1028 1340 1072 Salamina
1372 1029 1561 1072 Plataeas
1607 1029 1817 1072 Himeram
1863 1030 1989 1073 factas
2032 1033 2154 1085 atque
2195 1031 2290 1075 111110

196 1111 406 1164 exspectat
440 1112 487 1152 ut
521 1109 696 1153 victores
732 1109 811 1152 sibi
846 1109 1020 1165 gratiam
1055 1109 1237 1161 habituri
1273 1109 1369 1160 sint,
1404 1122 1531 1163 eaque
1566 1122 1607 1152 re
1640 1110 1922 1153 Himerensem
1956 1111 2168 1155 victoriam
2201 1112 2291 1167 pari

195 1190 318 1233 laude
353 1190 519 1246 dignam
555 1202 643 1233 esse
678 1190 858 1233 declarat
893 1192 1015 1245 atque
1051 1188 1314 1232 Salaminiam
1350 1192 1390 1232 et
1423 1189 1717 1233 Plataeensem.
1754 1193 1760 1197 '

327 1270 541 1313 Postremo
583 1270 673 1313 loco
719 1270 899 1313 breviter
944 1270 1157 1313 dicendum
1199 1270 1362 1312 videtur
1405 1282 1492 1312 esse
1537 1270 1585 1312 de
1620 1284 1657 1312 v.
1695 1271 1755 1314 92
1791 1270 1929 1313 verbis
1962 1269 2025 1327 μὴ
2061 1269 2288 1328 δολωθῇς,

196 1346 233 1394 ὦ
268 1348 413 1408 φίλος,
451 1349 738 1405 εὐτραπέλοις
771 1348 990 1406 κέρδισσι.
1059 1350 1265 1393 Boeckhio
1310 1351 1417 1392 enim
1452 1353 1617 1393 auctore
1651 1350 1838 1405 plerique
1884 1351 1961 1394 1100
2002 1350 2155 1395 dictum
2202 1365 2290 1396 esse

194 1433 345 1486 putant
379 1431 428 1474 de
463 1431 622 1474 artibus
657 1430 797 1473 facetis
843 1433 883 1473 et
923 1430 1088 1473 astutiis
1133 1431 1392 1474 adulatorum
1426 1431 1674 1482 aulicorum,
1719 1430 1868 1486 quibus
1910 1444 1982 1475 rex
2025 1431 2290 1476 admoneatur

194 1524 246 1554 ne
282 1524 324 1554 se
360 1511 490 1565 decipi
515 1511 709 1565 patiatur.
779 1512 859 1553 Sed
882 1511 926 1553 hi
949 1512 1182 1554 adulatores
1217 1524 1267 1554 ne
1302 1511 1543 1555 tenuissimo
1579 1512 1743 1566 quidem
1776 1511 1927 1556 indicio
1952 1514 2048 1555 sunt
2072 1513 2289 1569 designati,

194 1595 236 1635 et
259 1594 426 1647 propter
448 1589 511 1647 μὴ
535 1588 681 1647 κάμνε
705 1589 808 1634 λίαν
843 1588 1086 1641 δαπάναις,
1113 1591 1220 1646 quod
1244 1591 1427 1646 proxime
1455 1591 1689 1647 praecessit,
1713 1592 1844 1636 multo
1867 1592 1999 1648 magis
2032 1592 2075 1635 in
2099 1595 2290 1648 promptu

194 1674 257 1715 est
303 1672 353 1715 de
397 1674 593 1727 quaestus
640 1671 864 1727 cupiditate
908 1671 1100 1727 cogitare.
1177 1670 1372 1715 Attamen
1428 1684 1518 1715 eum
1562 1673 1671 1727 apud
1714 1672 1939 1715 Homerum
1991 1670 2150 1728 κέρδεα
2206 1673 2290 1715 sint

194 1752 359 1796 fraudes
394 1751 557 1796 dolosae
591 1752 778 1807 talesque
812 1752 1022 1807 aptissime
1057 1749 1307 1808 εὐτράπελα
1344 1752 1555 1804 dicantur,
1598 1752 1796 1808 ampliore
1830 1765 1953 1796 sensu
1986 1754 2064 1796 1100
2108 1753 2197 1796 1000
2232 1753 2290 1797 310

194 1832 445 1876 coniunctim
479 1832 680 1888 appellari
714 1832 815 1875 mihi
850 1832 1044 1876 videntur
1080 1832 1228 1876 callida
1263 1833 1374 1875 fraus
1420 1835 1461 1876 et
1496 1835 1691 1888 quaestus
1740 1832 1956 1887 cupiditas,
1991 1832 2142 1889 quippe
2189 1846 2291 1888 quae
2549 1841 2572 1915 3

194 1913 421 1957 contrariae
467 1912 550 1956 sint
592 1912 727 1956 tribus
770 1912 857 1955 illis
899 1912 1125 1956 virtutibus
1168 1912 1357 1956 omnibus
1404 1926 1505 1968 quas
1545 1915 1664 1956 antea
1698 1912 1869 1956 Hieroni
1913 1915 2109 1968 tanquam
2153 1913 2289 1969 regias

193 1996 316 2050 poeta
350 1993 662 2046 commendavit,
695 1993 877 2037 iustitiae
912 1993 1077 2037 veritati
1116 1993 1369 2037 liberalitati.
1438 1993 1503 2037 Ab
1540 1995 1615 2038 hac
1660 1993 1791 2050 igitur
1836 1993 1985 2037 callida
2026 1993 2286 2049 improbitate
2520 1957 2572 2122 ³}

193 2074 260 2119 his
284 2074 511 2118 virtutibus
545 2073 734 2130 opposita
767 2076 815 2117 ut
849 2074 1053 2118 abstineat
1089 2086 1227 2130 regem
1250 2074 1455 2117 Pindarus
1490 2075 1691 2127 hortatur,
1726 2087 1777 2117 ne
1813 2075 2074 2117 defraudetur
2109 2074 2287 2130 gloriosa
2487 2056 2546 2117 ,ῥ’

193 2156 304 2211 apud
338 2158 524 2211 posteros
569 2156 687 2207 fama,
729 2168 831 2210 quae
878 2156 965 2198 sola
1008 2154 1219 2198 hominum
1265 2155 1548 2198 defunctorum
1583 2155 1711 2198 vitam
1758 2168 1892 2199 rerum
1937 2154 2204 2211 scriptoribus
2247 2158 2288 2198 et

193 2235 327 2292 poetis
372 2236 658 2280 celebrandam
704 2236 851 2280 tradat.
921 2236 1027 2279 Nam
1074 2235 1116 2278 in
1163 2236 1267 2279 hanc
1314 2235 1558 2279 sententiam
1602 2248 1727 2292 grave
1770 2236 1846 2279 hoc
1894 2236 2047 2279 dictum
2094 2235 2286 2279 continuo

192 2319 315 2372 poeta
349 2316 560 2373 adiungit:
596 2313 949 2373 &meiqusspomv
984 2316 1169 2372 αὔχημα
1206 2313 1341 2365 δόξας

457 2395 555 2440 οἷον
590 2395 908 2453 ἀποιχομένων
945 2395 1134 2452 ἀνδρῶν
1168 2395 1352 2439 δίαιταν
1386 2394 1549 2452 μανύει

455 2476 531 2520 καὶ
566 2475 733 2537 λογίοις
766 2475 841 2519 καὶ
878 2475 1062 2525 ἀοιδοῖς.

948 2676 1441 2702 fflwmffi
